2324 3960
508 158 681 217 tunderet.

218 254 304 347 Eripit
314 262 451 326 dbralrant
462 284 527 325 curn
541 266 625 346 stirpe
639 272 667 325 ct
678 268 761 344 gente
775 260 863 325 fideli.

217 344 333 406 Abrahae
346 365 436 425 penus
447 354 490 407 est
503 364 608 417 verum,
626 343 671 405 oui
686 345 799 425 sanguis
812 343 841 404 in
855 360 904 404 ore

217 422 343 486 Creditur
354 426 377 498 ¹,
391 425 594 566 inscriptusque
606 422 702 496 mbet3
718 424 764 485 cui
776 423 851 485 risus
865 424 895 483 in
907 420 973 483 orlte
986 426 997 459 ¹

218 500 296 565 Haud
311 505 452 567 dubitante
466 504 522 567 tide
559 524 609 566 eus
623 512 676 577 cst,
693 504 767 565 lleus
780 524 813 565 ex
827 507 907 566 Patro
920 521 1012 565 verus.
1036 516 1070 563 to

216 582 265 645 llle
278 584 367 647 Deum
378 586 446 653 vidit
459 590 480 659 ³,
494 586 586 646 risum
600 605 665 646 mox
679 583 796 646 credidit
810 608 816 645 :
835 592 862 647 at
876 591 906 645 tu

218 663 365 727 Posteritns
377 666 477 738 carnis,
492 664 637 727 carnaliter
650 665 744 727 omnia
758 685 886 739 cernens,

219 744 315 807 Carnis
329 765 398 827 opus
408 746 532 826 sublege
543 745 627 827 geris,
642 765 724 826 quam
737 745 848 828 spiritus
861 744 958 828 implet

219 823 334 887 lnterior
349 848 356 886 r
371 846 423 887 nec
437 826 513 887 enim
526 825 571 887 len
584 826 654 887 coelo
666 845 762 886 carnea
777 824 867 898 linxit,

218 903 306 975 Quam
321 914 349 967 tu
362 926 444 967 carne
456 905 539 979 colis;
555 906 602 966 sed
616 904 723 967 Christo
735 904 810 980 loeta,
824 926 971 989 meamque
1038 923 1070 967 25

219 987 302 1066 Spem
315 986 435 1068 paritura
446 994 535 1047 utero.
549 985 638 1057 Quam
652 986 752 1068 spem?
764 986 820 1055 nisi
831 986 955 1047 numinis
966 985 1071 1047 almum

219 1062 336 1136 Lumen,
353 1074 381 1126 ct
393 1065 541 1126 adventum
557 1064 666 1126 Domini
680 1084 764 1147 quem
776 1064 881 1127 viderat
897 1064 978 1126 dbrae

218 1144 311 1207 Prima
324 1144 405 1218 fides,
419 1144 576 1227 nostrisque
589 1153 667 1228 pater
680 1147 691 1181 l
704 1145 867 1227 promiserat
881 1143 948 1204 olim

219 1222 445 1305 Perspiciendum
460 1225 555 1299 oculis,
569 1233 598 1287 et
611 1225 681 1307 legis
693 1244 760 1286 uoce
772 1222 956 1303 probandum.

218 1302 278 1364 Nec
290 1303 381 1365 soldm
395 1305 464 1386 legis
481 1328 488 1365 ε
505 1325 570 1367 nam
584 1325 647 1387 quae
661 1306 720 1384 jam
734 1303 824 1362 littera
838 1301 977 1363 Christum
1038 1322 1073 1368 ao

219 1382 281 1444 Non
293 1382 386 1457 habet,
401 1394 449 1446 aut
461 1405 524 1468 quae
538 1405 595 1445 non
609 1384 775 1463 scriptorum
787 1382 912 1455 armaria,
927 1382 1027 1446 Christi

219 1462 313 1526 Laude
327 1464 435 1537 retorta,
447 1468 528 1525 novis
542 1462 683 1523 celebrant
694 1460 825 1523 miracula
838 1461 933 1525 libris?

219 1542 351 1606 Hebraeus
364 1544 461 1625 pangit
471 1542 571 1623 stylus,
585 1541 674 1602 Attica
686 1541 761 1623 copia
775 1542 879 1623 pangit,

219 1621 319 1706 Pangit
330 1632 358 1685 et
371 1621 502 1684 Ausoniae
515 1620 641 1683 facundia
655 1621 734 1683 tertia
747 1620 861 1703 lingue.

220 1702 323 1766 Pilatus
334 1702 413 1786 jubet
427 1703 557 1783 ignorans
574 1725 581 1762 ε
597 1702 650 1778 Tu,
664 1701 763 1775 scriba,
779 1703 893 1784 tripictis

219 1782 318 1864 Digcre
331 1790 342 1822 ⁶
355 1782 507 1851 versiculis,
520 1782 627 1864 quaesit
640 1782 738 1843 suffixa
752 1791 884 1864 potestas.
967 1788 976 1799 '
1040 1804 1071 1847 ts

220 1863 322 1924 Fronte
333 1864 422 1926 crucis
437 1863 533 1924 titulus
544 1864 580 1923 sit
591 1860 700 1945 triplex,
717 1862 824 1944 triplice
838 1863 942 1945 lingua.

220 1943 357 2023 Agnoscat
369 1943 464 2007 ludaea
479 1943 587 2023 legens,
602 1952 630 2003 et
641 1942 745 2004 Graecia
758 1942 841 2016 ndrit‚

219 2021 254 2082 Et
262 2030 387 2084 venerata
402 2024 491 2085 Deum
506 2031 666 2106 percenseat
678 2043 760 2084 aurea
772 2022 872 2086 Roma.

221 2100 359 2184 Quidquid
371 2104 402 2165 in
415 2122 470 2165 aere
481 2123 549 2165 cavo
561 2102 679 2165 reboans
692 2102 772 2165 turba
783 2122 865 2163 curva
878 2103 1010 2186 remugit,

222 2179 362 2259 Quidquid
375 2183 409 2242 ab
421 2202 519 2247 arcano
528 2183 616 2245 vomit
629 2183 657 2243 in
678 2202 727 2243 ons
741 2182 856 2264 spiritus
866 2181 977 2254 haustu,
992 2218 999 2259 t
1039 2200 1072 2247 to

127 2282 131 2287 ·
224 2256 360 2337 Quidquid
370 2268 444 2321 casta
457 2260 549 2347 chelys
560 2269 584 2338 ⁶,
600 2202 733 2343 quidquid
747 2259 854 2321 testudo
866 2262 990 2335 resultat,

226 2333 335 2416 Organa
347 2341 358 2376 ⁷
373 2337 523 2420 disparibus
536 2341 649 2407 calamis
663 2340 738 2424 quod
750 2359 871 2402 consona
883 2340 1011 2418 miscent,

164 2606 262 2660 trem
273 2610 376 2682 sangnis
393 2611 422 2663 r'n
442 2628 485 2671 ore
504 2618 586 2671 credi·
649 2617 694 2663 ²«
716 2618 751 2668 0r
769 2630 827 2681 ana,
850 2637 861 2663 ι
886 2625 937 2670 etc.
961 2619 1074 2669 covers

129 2678 180 2730 tur,
196 2672 585 2733 »cermaontretrontestmar-
616 2681 729 2733 contient
748 2632 937 2790 indescription
956 2681 1017 2731 d'un
1036 2683 1073 2730 in-

127 2735 178 2796 que
190 2733 225 2784 du
237 2736 342 2808 sang'dc
350 2738 481 2805 l'Agnean.
616 2750 744 2795 strumout
754 2734 866 2793 semtrlab
877 2744 964 2792 ednos
972 2756 1072 2815 orgues.

160 2798 171 2825 ⁹
190 2817 202 2841 «
217 2797 291 2846 Visus
301 2811 328 2848 m
340 2802 436 2866 orbe»
459 2803 523 2854 cetui
540 2805 585 2869 qni
616 2806 763 2868 dependant
774 2804 817 2854 des
826 2804 956 2867 critiqnes,
973 2818 1017 2867 qur
1028 2813 1074 2857 ont

128 2872 143 2906 a
156 2858 197 2930 dte
205 2872 239 2907 vn
252 2859 314 2911 dans
325 2860 349 2911 le
358 2864 461 2929 monde,
473 2865 517 2929 qui
528 2866 587 2918 s’cst
617 2867 664 2917 tart
675 2868 706 2917 de
715 2874 816 2917 savants
827 2872 934 2916 travaux
945 2881 990 2916 sur
1008 2868 1075 2918 l'ori-

129 2920 263 2969 ruanrtestd
275 2934 325 2972 aux
333 2923 457 2977 hommes.
617 2931 676 2995 gine
696 2929 727 2978 de
757 2928 863 2993 l'orgue,
886 2936 931 2980 ont
949 2930 1074 2992 prdtcndu

163 2982 174 3010 ³
193 2981 262 3030 «ltle
276 2982 358 3035 Deum
370 2986 442 3039 vidit.
470 3008 481 3035 ι
501 2989 585 3054 Voyez
635 3005 667 3041 uc
677 2991 807 3041 t‘rndence
819 2990 913 3041 n'avait
924 2992 994 3055 point
1006 2992 1075 3053 parte

128 3042 267 3115 lauGendse,
281 3043 323 3093 ch.
336 3058 378 3108 xv,
399 3062 425 3100 v.
447 3055 459 3101 1
482 3052 541 3115 ad,
563 3060 588 3104 et
617 3005 649 3103 de
663 3059 703 3102 cet
711 3052 875 3116 instrument,
886 3061 911 3104 et
941 3053 1031 3103 uet’on
1043 3067 1076 3104 us

128 3112 196 3156 saint
208 3104 281 3168 Paul,
295 3105 381 3171 Epitre
398 3122 447 3161 anx
458 3114 588 3179 Romains,
617 3116 656 3165 vit
666 3128 709 3177 pas
719 3115 860 3186 d'orgneen
869 3067 1077 3185 Occidentavant

128 3168 174 3218 ch.
191 3173 215 3218 1.
618 3177 717 3226 l’annee
736 3180 790 3227 151.
802 3180 873 3227 Sarnt
892 3183 1015 3239 augustin
1032 3176 1076 3226 de-

161 3231 173 3261 ⁴
193 3232 299 3304 «Pnter.
313 3251 324 3277 ι
339 3233 476 3287 Abraham.
619 3238 667 3287 crit
682 3237 854 3289 dridemment
868 3239 962 3301 t’orgue
980 3237 997 3283 d
1009 3238 1074 3286 sont·

161 3294 174 3323 ⁸
193 3295 336 3359 «lugerem
348 3298 589 3363 toriellouezsaint
620 3300 677 3350 llets
688 3300 751 3349 dans
769 3297 1013 3364 soncommentaire
1031 3311 1076 3348 sur

129 3353 201 3415 dean,
214 3358 260 3407 Er.
274 3358 315 3408 ch.
328 3371 378 3421 rur,
390 3372 415 3412 v.
431 3364 541 3415 19122.
619 3363 643 3412 le
656 3363 760 3412 Psaume
773 3376 822 3411 tvu
833 3375 840 3409 ε
853 3380 864 3404 «
875 3362 1004 3422 Organum
1015 3358 1076 3409 dici-

162 3419 174 3448 a
193 3419 289 3469 «Casta
297 3420 393 3483 chelys.
416 3440 429 3466 n
446 3422 513 3473 C’est
529 3436 589 3475 avec
620 3431 673 3486 tur,
685 3423 914 3488 quodgrandcest,
930 3426 956 3468 ct
971 3419 1077 3471 inflatur

128 3485 170 3530 cet
191 3479 346 3531 instrument
371 3483 448 3553 qu'on
477 3484 590 3537 chantait
620 3485 729 3536 follibus.
744 3504 755 3529 n
768 3480 1077 3534 onritaussidansetau-
1156 3472 1160 3481 ¹

108 3578 112 3583 -
125 3540 168 3595 les
178 3541 302 3609 lounnges
311 3543 357 3595 des
366 3556 476 3609 merges.
605 3548 689 3613 dien,
702 3548 739 3598 De
749 3545 886 3597 consolatu
897 3540 982 3595 ttallr'i
994 3542 1076 3596 Theo·
