2324 3960
360 222 513 275 ennomus
529 221 645 274 usuros
660 221 789 274 vrouon.
921 234 924 241 ¹
1009 232 1053 282 222
1153 250 1155 259 ,

202 325 307 406 Edidit,
319 331 347 387 et
358 326 405 408 qui
419 326 519 387 horum
533 331 677 386 conservat
692 344 806 407 corpora
820 326 920 389 nostris

202 406 368 490 Corporibus
382 414 461 467 noeet
473 405 532 488 ipse
545 405 645 486 liquor,
661 405 792 485 genitatis
807 405 935 470 alumnus

186 486 337 559 Piscibus,
352 486 410 570 ipsa
421 486 505 547 etiarn
516 492 596 547 12222
624 484 653 545 ui
664 485 788 564 germina
802 486 898 552 nutrit.

201 566 272 628 Hine
284 566 408 627 volueres
425 585 548 648 quoque,
569 584 616 625 mo
638 584 768 645 egenus,
790 574 896 629 traxere
915 569 1051 651 vigorem,

200 644 1053 787 Namlitppidasdumsormataquas¹‚immissaquepontumns

200 725 261 788 vin
274 747 305 787 su
327 726 483 803 it,.fervent
495 724 582 786 multo
596 723 701 785 tumida
714 745 827 806 sequora
840 737 937 808 parto:

199 804 258 867 Nee
271 806 337 867 satis
350 812 394 869 est
408 807 495 886 pisees
509 804 623 944 penus²
637 824 721 865 omne
734 824 892 888 exsurgere,
908 808 1038 890 quodque

200 883 370 968 Squammea
382 886 462 946 1222122
476 905 508 946 sa
520 906 536 945 o
551 903 674 946 summas
686 884 776 947 evadit
788 886 818 945 in
830 887 931 963 undas,

199 964 234 1026 Ni
245 966 364 1027 volitans
375 966 404 1025 in
416 965 509 1046 aquis,
524 964 629 1026 sensim
642 971 720 1026 natet
731 964 834 1027 aethere
845 986 929 1047 puro,

199 1044 347 1119 AEthereos
360 1045 479 1106 volueris
493 1044 654 1126 contingere
666 1044 746 1107 dueta
759 1064 896 1109 recessus.
996 1065 1048 1110 222

199 1124 271 1209 Ergo
286 1126 414 1187 materies
427 1124 579 1207 avibusque
590 1131 619 1187 et
629 1124 751 1206 piseibus
763 1144 819 1189 una
833 1134 886 1189 est.

240 1284 303 1347 Jam
314 1286 358 1347 bis
372 1292 449 1348 12222
462 1286 521 1348 dies
534 1284 607 1347 elaro
618 1284 742 1350 radiabat
756 1283 783 1346 ol
802 1305 829 1344 m
850 1305 879 1365 o,

199 1364 290 1426 Tertia
304 1374 366 1448 post
380 1366 459 1428 oalidi
473 1365 604 1506 penitalia
621 1384 736 1427 munera
748 1305 815 1425 soiis
827 1303 858 1424 P:

198 1444 315 1527 Jamque
328 1454 424 1528 tepens
438 1447 474 1508 tel
487 1467 519 1507 us
532 1445 660 1528 gravidos
674 1444 811 1507 laxaverat
824 1451 910 1519 artus,

199 1523 290 1595 Quum
303 1526 405 1606 majora
418 1526 526 1607 agitans
535 1524 619 1607 jussit
631 1523 705 1586 Deus
718 1523 801 1586 edere
814 1531 916 1585 terram
999 1544 1050 1590 225

200 1602 289 1667 Omne
301 1607 413 1678 animal,
427 1613 537 1687 vegetat
548 1604 618 1666 ratio
632 1602 707 1686 quod
720 1603 778 1666 sola
792 1603 922 1667 movendi
936 1627 942 1665 :

201 1682 252 1746 Cui
265 1687 366 1747 servire
380 1686 485 1758 datum,
503 1705 559 1767 quo
570 1704 663 1745 rerum
677 1683 799 1766 postulat
811 1704 890 1749 usus.

198 1762 255 1826 Nee
266 1786 353 1840 mora,
366 1773 549 1848 prorumpunt
560 1764 622 1826 fetis
632 1763 724 1826 vitulis
735 1764 817 1827 terris

198 1844 329 1926 Pignora,
348 1864 465 1930 quaeque
478 1846 521 1910 sui
535 1844 646 1929 generis
658 1845 754 1908 sortita
766 1843 881 1928 figuras.

239 2003 388 2085 Postquam
402 2010 502 2066 222212
514 2002 594 2064 datus
609 2003 763 2084 generatim
777 2001 891 2084 protulit
904 2002 972 2066 ordo
996 2021 1049 2068 222

108 2116 110 2121 -
199 2077 276 2143 Veris
306 2084 366 2144 lena
380 2085 461 2145 bonis
473 2091 502 2144 21
516 2082 679 2143 2221111212
692 2083 810 2158 2212212,

197 2160 264 2233 Quae
278 2104 352 2223 Saus
366 2163 395 2221 in
410 2163 522 2242 longam
532 2161 633 2221 seriem
648 2180 777 2222 mansura
791 2162 904 2234 foveret,

196 2242 310 2302 Auctori
340 2240 440 2301 erbella
451 2259 503 2300 suo
516 2248 577 2300 tum
589 2238 716 2300 maehina
729 2239 789 2300 visa
803 2246 855 2300 est.

196 2320 254 2379 Sed
264 2262 338 2399 quii
341 2319 368 2378 id
381 2327 433 2397 est,
447 2317 520 2399 quod
530 2316 728 2391 munduserat‚
739 2317 813 2399 quod
824 2317 912 2378 sidera
923 2324 1047 2394 ebertus,

197 2398 370 2479 AEtheraque
382 2406 409 2459 21
422 2396 541 2458 vitreum
553 2396 678 2479 pelagus,
694 2406 830 2478 terreque
844 2397 973 2475 virentes,
998 2418 1048 2462 225

196 2477 232 2537 Ni
244 2497 258 2537 s
278 2484 381 2539 2212122
394 2477 481 2551 adest,
497 2484 581 2539 tantae
595 2496 678 2558 quern
689 2477 776 2558 gioria
790 2476 872 2539 molis

197 2496 322 2639 impiis,
338 2564 422 2640 atque
436 2557 524 2620 oeulis
535 2556 647 2641 avidum
661 2576 710 2641 per
723 2557 832 2639 singula
846 2558 950 2620 2122211

197 2636 406 2708 11222221221222
418 2638 466 2701 lati
479 2638 561 2712 fines,
576 2639 772 2720 possessioque
785 2638 887 2720 ampla,

197 2717 228 2778 Si
242 2738 334 2780 rerum
349 2740 490 2810 possessor
504 2720 603 2781 abest?
616 2718 681 2780 Haee
694 2733 783 2780 rector
794 2718 896 2800 olympi

196 2797 301 2859 Secum
315 2819 408 2862 animo
423 2820 546 2874 versans,
560 2804 588 2861 et
601 2798 683 2860 Verbi
695 2800 817 2881 pondere
830 2798 934 2861 librans
949 2822 956 2860 ε
998 2816 1048 2863 212

200 2901 216 2936 a
230 2878 358 2940 Statdata
367 2900 476 2941 summa
489 2878 575 2962 operi,
587 2879 660 2940 bona
670 2888 735 2941 sunt
746 2885 1046 2962 quaeeumqueereari:

197 2957 277 3019 Nune
289 2959 434 3021 hominem
445 2959 589 3033 faciamus,
601 2963 612 2998 1
626 2960 675 3032 ait,
689 2960 737 3040 qui
750 2967 846 3040 regnet
857 2959 887 3020 in
898 2959 974 3040 orbe,

197 3039 231 3101 Er
242 3039 278 3101 sit
291 3039 383 3120 imago
394 3039 445 3101 nei
458 3063 465 3101 :
481 3038 601 3101 similem
612 3038 692 3103 212221
703 3059 763 3101 esse
773 3040 887 3115 creanti,

134 3237 142 3267 ¹
169 3236 314 3300 «Liquidas
333 3236 555 3300 formataquas,»
629 3236 640 3267 ⁸
665 3235 780 3287 «Tertia
806 3254 818 3280 ι
844 3232 1048 3304 (sous-entendu

103 3295 183 3348 donne
208 3313 258 3349 oux
278 3313 343 3349 eaux
362 3299 394 3349 de
412 3300 437 3348 12
456 3312 513 3350 mer
533 3299 558 3348 12
598 3297 675 3347 «dies
685 3298 853 3357 ren—«Post
880 3295 1050 3348 2211212222-

102 3358 182 3412 forme
200 3361 260 3411 d'un
278 3363 331 3412 etre
351 3361 447 3412 anime.
465 3380 476 3405 a
495 3361 556 3413 For·
593 3360 736 3432 nerasoiis,
754 3363 850 3431 »apres
862 3312 886 3409 ie
900 3356 1048 3407 biensaitde

102 3429 154 3472 urat
165 3441 176 3468 »
189 3437 278 3486 apour
286 3424 353 3487 sujet
365 3443 377 3469 α
389 3425 450 3474 viae„
464 3441 475 3468 a
536 3483 541 3494 Ι
591 3421 617 3472 12
628 3423 739 3479 22222222
748 3422 784 3473 du
792 3421 872 3483 221221,
882 3430 970 3471 souree
981 3418 1013 3468 de
1023 3417 1048 3467 la

131 3484 144 3516 ¹
158 3505 169 3529 ιι
182 3487 268 3536 Genus
278 3498 386 3536 omne.»
400 3487 554 3548 Parapposr·
590 3484 632 3535 vie
642 3484 685 3535 des
693 3485 767 3537 erres.

101 3544 553 3611 tioneapiseespleraeeentieredes
623 3548 634 3579 ⁴
656 3549 736 3613 iopen
756 3548 781 3598 la
802 3544 906 3608 Genese,
927 3542 1000 3605 ehap.
1027 3555 1047 3607 r,

101 3608 221 3671 pensons.
589 3612 669 3662 226.
1036 3652 1155 3937 ς
