2324 3960
363 154 517 205 ntat'nlt's
532 155 653 205 Mantus
670 155 793 206 VICTOR.

504 334 537 385 Υ.
555 334 598 389 140
613 334 741 397 ddunt.

238 504 315 565 tirius
325 512 383 565 erat
398 502 457 563 Nee
472 504 575 583 justus¹
589 522 674 585 quern
692 523 724 585 pr
762 512 802 565 ter
813 502 843 563 in
855 502 911 565 ires

198 586 325 645 Ditierret
338 582 446 665 prodire
460 584 553 644 neus:
569 602 654 665 quem
667 582 722 643 uita
750 582 831 644 idelis

197 666 259 723 tam
274 682 323 745 per
331 662 498 745 quingentos
512 665 668 725 immunem
681 663 807 725 criminis
820 681 911 737 annes

198 744 327 817 Duxerat,
340 752 369 803 et
378 748 471 803 saneta
486 744 635 825 degentem
646 742 675 803 in
685 743 747 829 lege
758 742 897 824 probaret.

239 900 289 962 Cui
302 900 342 963 sie
352 908 445 961 sanna
463 900 539 961 lteus
556 899 681 991 pandens
695 919 793 963 arcane
806 900 927 961 revelat:
996 915 1044 962 444

202 1006 217 1037 a
227 982 343 1061 Jamque
355 979 500 1039 homiuum
517 980 589 1041 vitris
599 980 731 1041 infectum
746 980 871 1063 turpibus
881 997 995 1045 emnem

199 1064 268 1121 nera
283 1080 347 1121 curn
363 1059 441 1119 terris
454 1060 482 1125 in
496 1060 630 1123 deteriora
648 1059 763 1143 relapsis
977 1132 981 1138 Ι

201 1142 311 1213 itiitere,
327 1150 355 1201 et
365 1139 470 1199 tumido
481 1140 570 1201 visum
584 1147 626 1201 est
638 1140 817 1223 submergere
828 1147 914 1223 ponto
927 1160 935 1199 :

200 1222 235 1281 tlt
244 1224 310 1281 etum
322 1230 420 1281 444444
430 1240 514 1281 ruens
527 1226 535 1257 ¹
550 1221 649 1299 operit,
660 1240 814 1361 pussusque
825 1217 925 1297 residit

200 1302 313 1381 Gurgite
327 1299 470 1439 praecipiti,
482 1300 620 1391 pullutum
631 1300 659 1361 di
672 1310 717 1361 444
729 1304 837 1375 orbem,
999 1315 1050 1360 440

199 1380 403 1461 laruuieitusrpue
422 1400 550 1453 4444444,
570 1388 597 1442 44
612 1379 742 1462 quiequid
756 1380 848 1439 vivere
857 1378 971 1461 jussum
980 1386 1023 1443 est

200 1460 286 1519 414444
301 1459 448 1519 hominum
461 1459 547 1520 inflati
561 1460 706 1521 4444441444
719 1456 929 1539 44144444444414.Ι

201 1538 256 1597 Seri
267 1540 331 1617 quia
345 1540 474 1609 tussiae,
488 1540 532 1599 eui
546 1541 621 1601 enrdi
639 1550 732 1601 nostra
745 1540 871 1599 veluntas
884 1538 909 1613 ¹,

200 1618 336 1678 ltevetnm
349 1616 451 1679 sanetis
462 1616 562 1679 duxuti
581 1619 687 1701 iegibus
700 1638 801 1691 444444,

202 1696 340 1759 Perversis
352 1716 459 1777 semper
470 1706 532 1759 vete
547 1699 661 1761 rueliere
675 1718 851 1781 repugnans:
1000 1711 1049 1757 tes

201 1776 249 1835 Sin
259 1774 431 1835 decretorum
443 1777 607 1841 moderabor
614 1779 675 1860 jura
686 1797 814 1839 meorum

201 1855 236 1917 Ut
246 1854 313 1917 rariiai
322 1854 503 1937 quumjustas
514 1856 596 1919 tuerit
605 1877 674 1941 gens
684 1858 770 1939 impie
784 1876 891 1939 peenas,
974 1900 978 1905 -

204 1936 384 2019 purgaturque
397 1936 470 1997 oritis
486 1936 578 2013 steorte,
593 1948 654 1999 tum
663 1936 775 2019 dignius
789 1957 806 1997 a
820 1948 847 1997 te

202 2014 316 2097 Incipiat
329 2016 442 2077 mortale
451 2036 551 2099 genus,
563 2036 761 2099 summumque
776 2025 918 2097 parentem

202 2096 240 2157 Te
252 2107 399 2159 numerent
409 2096 503 2179 pepuli
519 2104 579 2179 pest
590 2096 651 2157 haee
664 2098 713 2179 qui
727 2106 854 2177 tempera
867 2098 971 2158 virent.
1000 2109 1051 2155 444

241 2281 256 2315 n
273 2256 418 2331 Quadratis
432 2256 517 2337 igitur
526 2254 650 2319 trabibus
663 2263 791 2319 contexta
800 2263 915 2338 paretur

201 2338 271 2399 Area
283 2337 347 2413 tihi,
364 2336 464 2399 enbitis
476 2336 524 2401 sed
538 2354 602 2417 quae
613 2336 650 2397 sit
661 2336 744 2419 louge
756 2335 895 2407 trecentis,

201 2414 266 2475 Lata
279 2414 455 2495 4444444444
468 2414 556 2477 denes
568 2434 665 2503 super:
680 2434 743 2493 4444
759 2414 789 2473 in
806 2414 894 2475 altum

201 2492 254 2553 Ter
267 2492 346 2561 denis
359 2510 486 2571 surgens,
503 2490 615 2555 euhitalr
626 2500 723 2569 444444
735 2492 866 2569 44444444.

202 2571 344 2653 insupera
360 2568 427 2633 levi
440 2576 556 2659 ponatur
566 2568 651 2657 janua
662 2576 750 2647 partes
1001 2589 1052 2634 444

199 2650 278 2711 Τ444
289 2649 409 2713 calidum
423 2646 518 2711 urhun
534 2664 642 2735 spirans
655 2664 789 2727 compage
803 2644 939 2709 hitumen'

199 2730 329 2807 Expleret
338 2738 435 2789 444444
448 2734 477 2787 44
489 2730 587 2787 vestiat
597 2722 721 2805 undique
732 2724 817 2787 rimas
831 2728 854 2785 ³.

198 2806 347 2885 Qarumque
360 2804 457 2887 triplex
469 2806 479 2838 ⁶
495 2802 614 2887 spatium
627 2802 788 2867 discreverit
803 2824 865 2867 area
878 2804 990 2887 4444444,

198 2884 247 2945 Sic
256 2885 446 2947 discernentur
459 2884 575 2967 propriis
585 2884 736 2951 animantia
747 2884 830 2959 nidis,

100 3104 198 3161 petum.
213 3099 423 3149 n-tlnnstruisez
433 3114 440 3148 :
450 3112 487 3149 «n
520 3096 558 3148 uit
626 3100 660 3141 ²«
673 3098 719 3146 Cui
733 3099 805 3151 eerdi
814 3106 899 3148 nostre
908 3094 1048 3145 uoluntas.»

102 3170 239 3224 rogatum,
274 3169 460 3225 negantemque
505 3160 559 3211 ecia
595 3160 800 3211 Snusentendu«
814 3166 886 3209 est.»

102 3238 159 3274 nus.
627 3220 1048 3283 ³Explorerenues,ete.,»gagne

140 3290 175 3331 ¹«
198 3288 290 3335 ltuens.
316 3305 327 3329 n
354 3286 557 3337 Suus-eutendu
595 3284 631 3335 les
641 3283 721 3333 sentes
730 3283 760 3332 de
771 3282 864 3332 l'arehe
874 3286 899 3330 et
909 3279 945 3328 les
957 3291 1050 3330 couvre

103 3354 228 3411 «pentus.
241 3348 460 3411 u-atussusque
469 3349 558 3399 residit
595 3348 695 3398 demus
707 3344 783 3395 entes.
874 3405 879 3414 Ι

100 3413 202 3475 gurgite
220 3412 353 3475 praeeipitr',
364 3430 375 3455 4
388 3418 423 3475 44,
434 3424 479 3473 par
495 3424 557 3461 rnen
628 3410 640 3441 ⁴
661 3428 673 3454 «
694 3408 827 3471 Quumque
846 3405 947 3518 trrplex,
961 3409 1020 3465 ete,
1035 3424 1048 3449 4

98 3474 181 3533 nrum,
198 3490 226 3523 ra
252 3488 277 3524 se
300 3474 423 3539 repeudre
443 3487 476 3525 44
499 3474 557 3524 tlots
595 3472 694 3535 lorsque
721 3469 788 3521 deux
811 3470 885 3534 pune
903 3480 931 3518 es
957 3475 1050 3521 aurant

99 3536 256 3599 ineptueux.
595 3535 682 3601 separe
696 3532 786 3583 l'arehe
799 3546 831 3597 en
840 3531 902 3583 trois
912 3531 1017 3595 stages„

11 3609 124 3712 ”s
