2324 3960
148 168 315 280 ShINT
364 156 591 281 EUGENE
643 176 715 281 DE
760 160 1002 284 Theline,

129 524 202 574 scint
223 523 326 635 {ingene
349 523 381 572 de
402 522 493 572 Tolede
513 522 587 573 vecut
608 522 672 573 dans
698 524 724 573 la
760 525 887 588 premiere
907 526 998 578 moitie
1026 528 1064 578 du

100 599 145 636 vno
163 585 246 658 siecle.
278 586 331 657 lace
345 585 492 667 matgretui
507 597 553 655 sur
564 584 588 635 le
600 584 669 649 siege
684 585 809 650 episcopal
831 588 862 637 de
889 588 985 641 rolede
1011 603 1059 701 Yer

99 648 275 704 Recesurnthe.
293 661 330 697 ror
347 648 390 697 des
407 647 494 702 (1nths,
505 646 524 694 rl
537 659 669 710 gourernc
681 648 793 710 pendant
813 662 876 700 onze
889 662 938 700 ans
962 650 1062 716 regne

99 709 131 761 de
150 716 215 762 cette
233 710 292 760 ville
311 716 336 760 et
353 714 458 760 mourut
475 721 533 758 vers
554 712 612 758 66⁰.

380 998 384 1005 ’
453 996 710 1069 EPITAPHES.

578 1228 602 1287 1.

202 1383 317 1464 Excipe,
338 1382 446 1445 Christe
459 1389 570 1466 potens,
589 1383 736 1453 discretam
757 1403 871 1466 corpore
889 1393 1016 1450 mentem

200 1461 236 1523 Ut
249 1463 353 1543 possim
365 1463 437 1545 picei
457 1483 569 1545 poencm
578 1465 664 1526 vitare
678 1464 809 1527 barathri.

200 1540 318 1603 Grandis
330 1542 404 1603 inest
415 1542 496 1623 culpa
512 1550 536 1620 ¹,
553 1545 602 1607 sed
614 1552 644 1606 tu
659 1545 759 1626 pietate
769 1543 927 1618 redundes;

200 1619 270 1680 Elue
284 1619 394 1711 probra,
411 1620 501 1695 Peter,
516 1632 544 1684 et
556 1623 620 1686 vitae
636 1625 754 1686 crimina
770 1626 847 1687 tolle.

200 1698 262 1761 Non
274 1719 327 1759 snn
337 1719 385 1779 pro
396 1701 501 1761 meritis
511 1707 522 1740 ²
532 1710 692 1765 sanctorum
711 1706 827 1766 coetihus
841 1707 921 1768 exsul
933 1727 941 1779 ;

200 1777 299 1840 iudice
311 1786 339 1840 te
354 1779 443 1861 prosit
454 1788 580 1842 sanctum
591 1781 694 1845 vidisse
705 1785 835 1848 tribunal.

201 1856 260 1932 Vis,
274 1857 372 1939 lector,
388 1879 445 1921 unc
457 1860 506 1941 qui
518 1861 572 1922 sim
584 1861 748 1944 dignoscere
766 1868 869 1926 versu?

202 1937 287 2022 Signa
301 1939 474 2024 priorclege,
489 1961 555 2003 mox
566 1942 665 2005 ultima
675 1945 901 2012 nessevalehie.

602 2133 640 2194 ΙΙ.

202 2279 257 2352 Qui
271 2286 317 2343 nie
330 2281 365 2344 de
379 2282 467 2344 nihilo
482 2281 617 2357 dormisti,
628 2280 760 2343 Conditor
775 2282 859 2355 alme,

242 2360 284 2423 'l'u
298 2361 359 2453 pius
370 2362 400 2424 in
413 2363 533 2435 tumulo,
551 2370 580 2422 tu
601 2380 663 2422 mee
684 2360 808 2421 membra
822 2361 893 2422 fove.

202 2440 325 2502 Ericinis
336 2441 371 2501 ed
391 2441 514 2503 cinerem
527 2439 607 2511 redii,
628 2439 768 2518 vitamque
784 2440 889 2519 peregi,

242 2518 298 2580 Sed
312 2525 406 2600 putres
416 2519 523 2579 cineres
536 2526 565 2577 tu
583 2534 708 2595 reparare
723 2517 807 2575 vales.

202 2596 340 2659 Ascendet
352 2602 374 2668 ⁸,
388 2601 405 2658 t
419 2596 525 2657 Christe
538 2600 648 2674 potens,
664 2598 726 2671 post
739 2592 793 2651 fata
808 2599 927 2673 peracta,

243 2675 384 2757 Eugenius
400 2677 495 2734 dextre
510 2671 591 2753 iaetus
611 2670 646 2730 cd
663 2677 737 2731 astra
751 2669 807 2732 vid.
853 2688 855 2693 ’

140 2883 173 2926 ¹«
195 2881 283 2944 culpe.
304 2898 317 2925 ι
339 2879 426 2929 Finclc
449 2877 564 2943 allongte
634 2877 732 2929 ³Cettc
749 2878 828 2943 piene,
838 2892 937 2931 comme
955 2881 978 2931 la
1003 2889 1064 2947 pre.

106 2956 152 3007 per
161 2942 186 2993 le
195 2945 291 2993 cesure.
304 2941 432 2992 Lemdme
445 2942 564 2992 observa·
601 2941 716 3004 cedente,
734 2950 772 2992 est
784 2942 932 2993 acrostichc.
953 2945 1061 2998 Lenem

106 3004 160 3056 tion
179 3005 317 3069 s'applique
340 3017 390 3054 aux
412 3003 501 3055 finales
521 3003 565 3055 des
603 3004 776 3068 «Eugeniusn
796 3011 833 3055 est
845 3005 926 3055 forme
946 3007 989 3057 des
1002 3023 1063 3071 pre-

108 3073 199 3118 mots«
215 3066 566 3133 patentectc'rrslegeflrdans
602 3066 694 3117 mieres
715 3068 801 3117 lettres
824 3068 856 3117 de
877 3068 974 3130 chaque
994 3085 1062 3123 vers.

108 3128 144 3180 les
165 3143 223 3181 vers
241 3130 363 3181 suivants.
634 3129 838 3180 *inscendam
850 3130 936 3179 Finele
948 3132 1064 3196 arlongee

141 3193 179 3238 ἰ
199 3194 247 3244 Pro
267 3192 374 3255 meritis,
390 3192 514 3242 »ecause
533 3192 565 3241 de
601 3204 647 3254 par
671 3191 696 3242 te
715 3193 809 3243 cesure.
825 3192 918 3256 Voyez,
934 3198 1063 3258 pergem,

51 3314 56 3325 Ι
108 3256 275 3321 mespeches.
602 3260 660 3304 note
673 3260 694 3304 1.
