2324 3960
81 224 128 282 2l8
340 216 493 274 cuneolos
508 214 627 270 Mantus
642 214 767 269 weron.
976 238 1009 301 33⁸

177 323 325 401 Desistent‚
335 327 419 406 quim
430 331 526 384 mutua
540 342 610 405 opus
618 320 763 382 consensio
775 325 899 400 coeptum

176 406 310 468 Finierit:
326 413 400 466 tanta
413 413 455 465 est
468 404 598 466 humanae
614 402 719 463 insania
733 400 854 461 mentis!

177 481 678 567 Ergoagitclutvetitumnbrint‚quod
685 502 765 564 posse
774 485 907 561 negatum
916 473 1024 552 estloto

108 598 112 603 ·
176 566 239 626 lam
251 565 466 641 descendamus,
476 563 679 653 tumefactaque
690 561 772 624 corda
783 558 903 642 superbo

177 645 331 724 Consensu,
346 644 414 705 varii
428 643 573 705 turbemus
585 643 701 705 rocrbus
715 642 790 704 oris:

177 725 214 785 Ut
227 723 301 806 quod
314 728 461 807 peccbrunt
474 721 619 785 concordis
630 722 746 784 crimine
755 719 872 797 mentis,
939 730 962 763 ⁸³·

179 805 307 866 Confusa
322 804 434 866 damnet
449 804 546 865 melior
558 803 695 866 discordia
709 803 822 883 ling'uae.

219 964 304 1040 llirit,
319 968 347 1026 et
358 964 479 1025 intentos
490 963 580 1055 operi,
591 963 751 1045 molemque
764 963 888 1024 levantes
983 976 1033 1025 oco

180 1044 319 1106 Mentibus
329 1044 453 1105 attonitis
463 1044 583 1124 subjecta
596 1043 698 1106 oblivio
709 1042 831 1126 primdm

181 1124 264 1185 lntrat
275 1130 297 1202 ¹,
312 1133 340 1186 et
352 1127 453 1206 ignotae
464 1125 536 1185 subit
549 1122 718 1206 imperiectio
732 1124 846 1205 linguae.

182 1205 358 1285 lncrepitant,
370 1204 461 1287 operis
472 1205 564 1266 studio
576 1212 713 1280 cessante,
729 1202 853 1283 magistri

182 1285 349 1346 Cunctantes
360 1285 468 1363 socios3
484 1285 533 1346 scd
546 1305 643 1346 vocem
655 1304 738 1345 nemo
752 1282 868 1345 remittit

181 1363 243 1425 Non
257 1364 421 1425 intellectis:
438 1364 513 1444 qubd
527 1364 625 1448 siquis
639 1372 737 1439 tentat,
753 1365 835 1424 inane
982 1379 1032 1424 695

182 1442 291 1516 Sibilat,
305 1452 352 1505 aut
363 1442 436 1527 ruptl
448 1444 562 1506 fremitu
575 1443 712 1506 sermonis
725 1440 846 1504 anhelat.

182 1523 230 1583 Sic
243 1540 345 1583 vanum
363 1528 445 1605 pravi
458 1532 616 1605 susceptum
630 1531 723 1585 mente
738 1523 860 1585 laborem

182 1601 312 1663 Destituit
322 1601 451 1665 frustrata
464 1623 562 1664 manus
573 1625 580 1663 :
593 1604 655 1685 jam
669 1624 752 1665 nemo
767 1602 963 1743 propinguum,

182 1680 270 1742 Nemo
289 1691 397 1762 patrem
417 1682 559 1763 sequitur:
582 1704 665 1766 quem
684 1684 800 1766 quisque
818 1690 874 1744 ante
885 1681 945 1763 ligit
958 1681 1033 1743 addit

182 1761 415 1843 Agglomcratque
426 1761 490 1839 sibi,
501 1761 663 1846 sociumque
677 1765 826 1845 adjungere
837 1770 929 1824 curat:
980 1778 1032 1826 700

183 1841 312 1922 Dumque
325 1845 396 1932 perit
409 1838 495 1904 divisa
509 1842 595 1925 hujus
609 1847 737 1926 cognatio
751 1843 853 1926 gentis,

183 1921 300 1991 Gentem
313 1916 409 2003 lingua
421 1920 485 1983 facit
497 1948 503 1983 :
517 1934 684 2017 sparguntur
697 1924 830 1985 classibus
840 1920 938 2005 aequis,

184 2001 369 2084 Diductasque
382 2008 479 2084 petunt
489 2025 565 2067 vano
579 2005 630 2066 sub
645 2005 733 2067 sidere
744 2012 841 2066 terras.

184 2080 263 2143 Haud
278 2083 357 2144 aliter
368 2083 494 2148 volucres
509 2082 598 2168 campi
610 2106 659 2167 per
672 2085 765 2146 mollia
777 2084 869 2165 plana,

183 2166 259 2238 Quas
271 2164 401 2247 gregibus
415 2165 512 2237 mixtis,
521 2186 610 2228 errare
624 2175 652 2227 et
665 2184 788 2246 quaerere
798 2165 903 2227 victum
983 2175 1033 2226 7⁰5

185 2242 325 2306 Persuasit
336 2266 431 2307 secura
444 2246 515 2318 dies,
530 2266 618 2327 quum
630 2255 712 2307 nocte
723 2245 876 2326 propinqui

185 2323 309 2385 Frondca
321 2332 391 2385 tecta
406 2334 514 2405 petunt,
526 2332 656 2407 exempto
667 2332 728 2385 turn
740 2344 834 2404 grege,
849 2322 929 2387 turba

184 2398 289 2481 Vulgus
301 2414 420 2493 quaeque
431 2422 513 2464 suum
525 2415 536 2440 ²
550 2404 686 2483 sequitur,
703 2402 853 2482 rapidoque
865 2402 957 2464 volatu
1032 2438 1035 2443 <

183 2479 347 2555 Miscentur,
359 2479 521 2561 similisque
533 2481 639 2540 duxerit
652 2488 700 2539 aut
713 2480 788 2538 color
801 2488 848 2538 aut
861 2500 914 2539 vox
927 2504 932 2536 :

186 2557 232 2618 Sic
246 2567 312 2618 tunc
324 2559 353 2617 in
367 2566 458 2640 partes
470 2559 588 2640 populus
601 2576 632 2616 se
644 2557 760 2615 dissecat
774 2575 856 2627 unus,
985 2574 1041 2626 710

185 2637 221 2698 Et
231 2637 336 2727 species
346 2635 378 2697 fit
388 2656 506 2725 quaeque
520 2654 619 2716 genus,
635 2634 774 2776 longbgge
787 2634 900 2724 remotis

186 2716 339 2777 Considunt
350 2723 441 2791 terris,
454 2723 536 2797 atquc
548 2715 643 2775 orbem
655 2722 730 2797 genti
750 2733 783 2774 us
798 2714 924 2797 implent.

209 2870 281 2933 'Nee
295 2881 390 2935 tamen
400 2872 454 2937 boc
467 2874 537 2939 sacri
555 2875 652 2960 (quum
667 2877 701 2938 sit
710 2896 760 2939 sua
774 2897 857 2960 prena
871 2878 1036 2957 nocentum)

184 2948 309 3015 ltluneris
321 2962 364 3016 est
373 2976 492 3018 vacuum
504 2977 512 3032 3
527 2978 595 3019 narn
609 2958 735 3043 quamvis
748 2959 817 3020 ultio
832 2959 903 3021 'usta

184 3030 249 3094 llaec
262 3033 356 3114 suerit,
368 3058 438 3119 quos
451 3056 509 3100 non
522 3037 612 3120 tetigit
623 3040 775 3101 reverentia
787 3060 829 3102 coa
841 3041 862 3118 i,
982 3039 1033 3096 71⁵

184 3112 252 3182 Quae
266 3114 345 3177 sedes
356 3119 462 3199 proguia
480 3130 521 3180 est
531 3118 641 3195 mundi,
660 3141 808 3202 rerumque
823 3121 956 3203 parentis,

183 3192 219 3254 Ut
233 3215 285 3256 nec
297 3217 327 3257 se
342 3212 493 3279 agnoscant
504 3201 585 3261 verba
600 3202 759 3262 inconsueta
774 3202 920 3283 loquentes
931 3204 953 3261 ⁸:

122 3413 127 3448 ¹
149 3416 323 3489 tlorutruisee:
342 3416 464 3490 oolrlirio·
478 3419 540 3467 sub·
584 3427 671 3483 trnuue
691 3421 780 3470 s’dtant
797 3422 863 3471 alors
878 3421 989 3493 seperde.
1008 3448 1040 3460 -

85 3486 152 3549 garta
164 3480 291 3529 urentibus
303 3486 414 3551 attonitis
427 3483 540 3542 primum
567 3518 570 3523 .
586 3503 596 3525 o
609 3484 706 3543 Vulgus
716 3496 800 3540 suum,
814 3500 825 3527 a
840 3485 875 3534 les
888 3496 963 3546 siens,
976 3492 1040 3535 ceux

85 3547 166 3607 irritat
180 3545 377 3604 interaneorum,
390 3549 461 3591 cto.»
582 3545 668 3594 deson
679 3546 774 3607 ospece.

31 3606 83 3742 ἱ
110 3605 288 3675 gebmundo
307 3613 362 3654 tum
383 3618 492 3673 grege»
515 3604 565 3682 Ιᾳ,
614 3608 625 3636 ⁸
651 3608 811 3658 construiscz
843 3622 855 3682 Ξ
876 3622 890 3682 a
918 3606 1038 3673 quamtis
