2324 3960
350 311 475 365 ructum
490 309 645 367 donnolus
660 310 804 370 CARMEN.
1012 316 1056 363 ist

207 411 282 477 Ordo
295 418 422 487 manens,
439 411 539 475 iisdem
553 412 707 475 subsistunt
719 412 812 475 omnio
826 412 927 475 causis.
1008 428 1058 474 noo

165 494 172 507 '
206 490 274 565 Ques
285 490 340 553 nisi
350 492 477 575 perpetui
489 491 577 555 solers
589 492 775 575 pmdcntiaR
811 493 835 553 is

204 573 377 651 Adstrucrct‚
393 572 552 663 molemque
565 591 678 634 omnem
689 571 780 654 spiren
800 571 946 646 oiouemt,

205 652 390 717 Conciderent
399 651 490 715 subitd
503 672 533 714 rn
544 651 662 715 nihilum
676 651 826 735 redigenda
837 652 929 714 ruint.

234 820 371 909 thuum
384 826 444 889 haec
529 825 1009 909 gilicurdOmnipotentisagantur,

204 906 272 980 Quae
285 915 392 969 certum
405 907 440 968 ad
450 846 536 969 m
550 906 653 969 devexo
663 906 751 969 limito
764 915 900 989 vergunt:
1008 919 1060 967 270

204 987 272 1059 Quis
285 994 369 1070 neget
382 986 410 1048 in
424 992 548 1049 nostrum
561 993 675 1068 gentem
688 986 835 1070 specialius
851 1002 976 1068 unquam

204 1066 302 1129 Partiri
317 1086 365 1128 sua
378 1066 441 1158 jura
456 1066 558 1140 Deum,
574 1065 619 1127 cui
631 1068 751 1148 perpetis
765 1066 815 1129 mvi

204 1146 289 1230 Spem
304 1146 409 1221 tribuit,
427 1146 545 1228 propriae
558 1146 672 1227 largitus
686 1145 815 1229 imaginis
827 1147 939 1209 instar?-

203 1229 242 1288 At
254 1226 303 1309 qui
316 1246 369 1289 noc
381 1246 493 1309 poenum
504 1225 626 1308 injustis,
641 1245 693 1288 uec
723 1229 817 1288 raemie
828 1225 929 1289 sanctis

203 1247 948 1448 Restituiodpraesonsqucrens,velidsnoperomnos
1007 1324 1056 1370 275

205 1385 336 1448 Ultricem
347 1406 381 1448 ou
393 1406 442 1468 pos
455 1384 624 1449 descendero
635 1386 736 1467 judicis
751 1386 839 1447 imm?

204 1466 238 1527 Et
252 1486 307 1549 quo
320 1464 492 1548 magnanimi
507 1466 629 1528 clemens
640 1465 772 1549 patientia
781 1463 866 1547 Regis

126 1580 129 1587 ·
205 1544 326 1609 Distinet
335 1549 411 1609 seut
419 1544 533 1607 immitis
543 1544 651 1606 feritate
663 1543 793 1627 tyranni?
850 1618 854 1623 Ι

204 1625 248 1686 An
260 1644 323 1708 quoe
335 1644 398 1707 pers
411 1625 559 1687 hominum
572 1624 676 1705 peccati
690 1624 782 1686 nescia
799 1623 935 1686 mundum

204 1702 366 1767 Possessum
376 1705 464 1767 foret?
477 1706 521 1767 vel
535 1711 637 1767 sunctae
650 1703 712 1787 quis
721 1704 799 1767 locus
813 1713 887 1768 esset
1002 1727 1053 1771 oso

204 1783 303 1846 Virtuti
317 1784 346 1845 in
358 1784 514 1847 terristdui
528 1784 552 1846 si
569 1786 714 1867 praesentic
723 1783 797 1847 dona

207 1862 452 1938 effluerent-colo
463 1864 554 1948 potius
567 1864 674 1927 sublata
687 1872 823 1929 maneret.

178 1978 181 1983 -
206 1942 256 2005 Sic
268 1943 365 2006 mundi
379 1951 454 2006 meta
467 1944 588 2026 abruptis
613 1959 754 2027 properato
769 1945 867 2008 fuisset

205 2022 405 2106 Temporibus:
421 2044 513 2106 neque
527 2025 557 2086 iu
568 2024 691 2087 sobolem
701 2025 859 2109 generanda
871 2025 977 2087 veniret

205 2102 362 2175 Posteritas,
377 2104 480 2187 paritor
493 2124 580 2186 quum
590 2104 680 2186 justos
689 2114 771 2187 utque
786 2112 918 2167 nocentes
1005 2125 1054 2169 oco

205 2182 259 2246 Aut
271 2183 427 2269 promissus
440 2183 539 2260 honos,
552 2194 600 2248 out
611 2204 693 2269 poeno
707 2185 827 2248 auferret
840 2184 874 2245 ab
886 2183 962 2247 orbe,

203 2355 286 2419 Nune
295 2367 378 2419 uem¹
392 2364 422 2420 et
432 2358 542 2440 generis
555 2358 643 2420 nostri
655 2356 788 2439 profunda
802 2376 923 2438 propago

204 2436 348 2511 Tenditur,
359 2457 392 2498 ac
406 2437 510 2521 duplici
522 2437 645 2499 succedit
658 2436 765 2518 origine
780 2435 878 2518 pubes,

204 2516 272 2579 Nota
287 2525 398 2599 patrum
413 2518 545 2579 membris
560 2525 589 2579 et
600 2516 702 2579 Christi
716 2517 792 2578 fonte
805 2524 914 2580 renato:

204 2596 237 2657 Et
270 2597 295 2657 ia
310 2598 380 2659 dum
393 2597 503 2680 populis
517 2595 628 2660 Domini
639 2597 770 2681 patientie
781 2598 877 2680 parcit,
1004 2616 1055 2664 290

204 2674 236 2736 ln
247 2617 340 2738 idicem
356 2677 459 2739 multos
473 2676 509 2740 de
520 2682 589 2739 tetrd
602 2685 685 2740 nocte
698 2698 834 2752 reversos,

129 2818 132 2822 ,
202 2756 242 2816 Ac
255 2756 360 2838 positt¹
371 2757 459 2818 claros
471 2757 576 2838 peccati
589 2756 651 2820 lohe
666 2757 804 2821 videmus.

202 2834 251 2898 lile
264 2856 315 2915 per
330 2837 493 2899 innumeros
506 2836 609 2912 vultus,
624 2844 653 2899 et
665 2837 739 2900 mille
749 2858 798 2919 per
813 2857 884 2911 aras,

201 2913 331 2978 Barbatus
344 2916 429 2978 loeves
438 2920 448 2954 ³
458 2935 512 2998 que
524 2916 608 2991 neos,
614 2917 787 3001 juvenesque
800 2937 949 3000 senesque,

201 2992 237 3056 Ut
248 2995 389 3077 quondam
400 2995 501 3069 fecere,
515 2996 619 3068 colens,
630 2999 689 3079 jam
701 3017 792 3058 errore
806 3006 951 3079 parentum
1002 3018 1054 3064 295

201 3074 324 3157 dbjecto
336 3076 427 3136 solum
440 3074 494 3137 Uni
515 3094 597 3136 enam
611 3076 777 3137 summissus
792 3076 897 3141 adoret.

201 3150 252 3216 Hic
267 3154 397 3237 sophicos
412 3162 483 3216 artes
495 3095 655 3218 diraecorum
667 3164 695 3217 et
704 3175 774 3218 vana
787 3168 898 3221 secutus

137 3386 152 3458 ἦ
167 3387 344 3452 «tinnovero,
357 3389 486 3440 »maisou
497 3400 561 3438 con·
598 3386 622 3437 lo
631 3386 680 3437 sim
698 3388 721 3439 le
735 3401 799 3452 pour
813 3390 837 3440 lo
850 3387 975 3450 compost.

102 3453 191 3501 crure.
217 3452 287 3503 Cotto
314 3451 425 3501 locution
456 3462 562 3514 marquo
630 3449 672 3495 8ιι
728 3464 779 3514 ves,
795 3471 806 3496 ι
823 3465 881 3502 sans
900 3449 986 3511 barbo,
1040 3461 1054 3498 r

102 3510 261 3575 l‘opposition
269 3519 296 3564 ot
306 3526 420 3563 annonoo
430 3513 562 3563 lecontre·
597 3513 763 3584 oppositione
776 3532 787 3558 α
800 3512 924 3562 barbatos.
945 3529 1000 3554 »-
1014 3509 1053 3559 On

103 3573 185 3637 partic
208 3576 243 3626 du
274 3575 485 3639 developpcment
515 3574 560 3638 qui
597 3582 651 3625 voit
667 3575 699 3625 ici
717 3575 779 3638 qu'it
801 3573 887 3644 restoit
905 3584 995 3622 encore
1010 3570 1053 3620 des

102 3636 218 3700 precede.
596 3642 678 3691 truces
686 3638 717 3686 de
729 3648 874 3699 paganismo
882 3648 914 3684 cu
923 3644 1053 3685 commen-

136 3698 148 3730 ¹
167 3717 178 3742 ι
194 3699 274 3750 Posito
288 3718 299 3744 ι»
313 3711 377 3763 pour
390 3717 402 3743 «
415 3697 536 3763 deposuit,
548 3717 558 3744 a
597 3706 697 3751 cernent
707 3699 742 3749 du
754 3697 897 3759 ciuouicme
907 3695 992 3746 siccis.
