2324 3960
99 138 153 197 82⁰-

486 149 578 202 SAlN'l’
594 148 678 202 at'lr.

240 250 333 315 Primo
345 251 509 337 conspirans
521 230 644 395 inlpebal
653 253 683 314 in
692 249 787 315 ordina
797 250 892 314 doctor

201 331 558 416 legifer,ad·unctopraeee
579 352 628 394 ens
642 333 752 414 agmina
763 332 856 397 fratre
950 362 957 371 ·
1039 343 1050 388 a

201 416 266 475 Post
278 433 349 496 quos
416 413 500 495 igerae
512 413 662 496 disponunt
675 431 751 474 arma
765 413 902 485 oohnrtas,

200 493 311 557 lluount
322 493 462 556 etvalidas
471 493 606 555 instructo
619 490 717 554 robore
731 499 846 575 turmas.
888 556 892 563 ,

200 573 283 636 Arma
296 572 389 636 lerunt
400 573 535 646 humeris,
551 592 631 635 enses
642 578 671 635 et
683 571 792 635 baltbea
803 572 872 634 laevo
885 628 890 635 .

201 653 358 733 Accingunt
369 652 458 726 lateri,
475 673 571 736 presso
583 660 643 715 tum
654 653 756 715 vertice
768 653 852 714 cassis

202 733 313 816 Fulget,
327 740 355 796 at
365 732 468 796 albenti
479 740 566 796 oertat
578 732 627 795 lux
639 732 727 795 lerraa
739 731 826 798 lunae.
1002 748 1054 794 666

202 812 334 875 Nitunlur
344 812 443 894 jaculis
456 812 512 886 alii,
528 812 692 904 clypeosque
705 813 822 875 sinistris

202 892 332 967 volvunt,
344 900 373 955 et
382 894 476 977 rapido
491 893 658 955 meditantur
666 890 738 954 bella
747 901 846 954 rotatu.

204 971 312 1036 Gaudet
322 993 384 1057 pars
393 973 477 1036 etiam
488 971 633 1055 pharetris,
647 972 829 1055 volucresque
841 972 955 1054 sagittas

204 1052 297 1117 llostis
307 1053 335 1115 in
345 1073 491 1116 meursum
506 1051 647 1116 mittendis
657 1052 792 1115 mortibus
801 1060 875 1135 aptat
883 1071 893 1133 ;

204 1132 274 1195 Etsi
287 1132 358 1197 lortd
368 1133 459 1196 virum
471 1131 608 1215 fugientia
621 1140 697 1215 terga
710 1152 741 1195 se
760 1140 854 1214 natur,

205 1211 241 1276 Ut
249 1220 369 1298 pennata
378 1213 453 1277 lares
465 1216 657 1276 transmittunt
665 1154 771 1296 spinula
780 1222 887 1276 rentes.

248 1369 356 1449 lucedit
365 1368 494 1453 pavidum
504 1360 641 1453 postrema
654 1388 703 1453 per
714 1369 823 1461 agmina
837 1366 938 1451 vulgus

206 1450 269 1513 Non
280 1449 369 1533 impar
382 1469 509 1524 numero,
522 1452 584 1532 quis
598 1448 702 1511 ooelum
714 1449 838 1531 propitur
847 1449 939 1510 astris.

206 1529 343 1593 Mirantur
354 1529 445 1592 Pharii
459 1549 618 1603 numemm‚
633 1548 685 1592 nee
698 1529 808 1591 eredere
842 1535 948 1602 essunt,

208 1602 288 1681 Quod
299 1617 417 1673 oemunt
426 1609 530 1671 oculis:
544 1610 633 1692 placet
646 1606 758 1691 eiecisse
771 1615 810 1671 tot
822 1549 927 1670 bostes.
1016 1625 1040 1668 »6

209 1687 288 1760 Quan
309 1693 393 1749 uam¹
408 1709 466 1750 non
475 1689 533 1751 acie
545 1688 653 1752 Pharao
665 1690 816 1773 perimetur
826 1688 860 1751 ab
878 1688 939 1764 ista,

210 1708 367 1840 Quaailibdt
381 1767 534 1831 innumeris
548 1767 631 1831 luerit
645 1769 744 1852 stipata
758 1768 890 1832 eaterds:

209 1847 288 1911 Unus
301 1846 434 1932 pugnabit
445 1848 552 1910 annalis
566 1867 615 1932 pro
631 1850 753 1913 millibus
766 1851 896 1912 ductum.

211 1932 316 1991 lnterer
329 1929 404 1990 lento
417 1927 576 1992 moderatus
589 1929 699 1992 trarmte
711 1949 837 2011 grassum

133 2042 137 2049 ·
211 2008 342 2072 Hebraeus
354 2008 481 2094 carpebat
495 2009 562 2072 iter:
579 2010 726 2093 procedere
739 2012 847 2072 tantum

212 2090 383 2153 Permissus⁸
397 2089 488 2173 spatii,
498 2090 633 2172 quantum
646 2090 690 2152 vel
703 2091 779 2153 tarda
790 2097 929 2164 seneclus,

211 2168 262 2234 llel
275 2170 391 2234 rudibus
405 2178 517 2254 reptans
529 2170 645 2233 infantia
657 2172 775 2237 sustinet
784 2171 873 2246 annis,

212 2249 254 2313 Ne
266 2251 386 2314 nimidm
397 2250 509 2334 fragiles
519 2250 590 2314 inter
603 2249 721 2315 delesset
731 2249 856 2313 eundum

212 2329 333 2394 AEtalem
347 2350 500 2413 sexumque
511 2329 619 2392 laborl.
633 2331 680 2392 Sia
695 2338 792 2393 cunata
808 2350 945 2416 supernus

212 2409 359 2494 Dispensat
372 2418 468 2484 nutus,
479 2409 610 2493 plebique
622 2409 725 2473 assistit
737 2410 825 2473 eunti.
1012 2429 1065 2475 666

253 2570 327 2652 Ergo
336 2569 383 2632 ubi
397 2565 512 2650 signatis
525 2564 657 2626 sederunt
667 2565 751 2626 millia
771 2566 879 2639 eastris3

213 2649 397 2731 Armatasque
411 2645 495 2729 pedes
508 2643 609 2725 vulgus
621 2642 732 2705 vallavit
745 2643 863 2719 inerma,

214 2729 335 2812 Vespera
345 2736 406 2788 tum
417 2724 518 2808 primo,
530 2720 612 2783 stanti
625 2722 774 2786 assimilata
785 2723 921 2786 columna
931 2729 958 2808 ⁸,

214 2806 345 2869 lusistens
358 2824 428 2898 puro
440 2799 609 2894 resplenduit
623 2801 725 2865 aetlrere
741 2803 867 2867 flamma:

212 2886 275 2949 Non
286 2884 372 2947 velutr
387 2891 454 2946 noto
468 2882 559 2945 dudm
573 2883 658 2945 miert
667 2883 741 2966 ignis
751 2884 780 2946 in
794 2905 854 2967 axe,
1014 2909 1078 2953 666·

215 2964 325 3030 Prodita
337 2985 425 3049 quum
438 2963 517 3027 terris
531 2963 593 3027 coeli
603 2971 729 3049 portenta
740 2966 893 3051 minantur,

147 3240 156 3272 ¹
179 3235 368 3295 «Quanquam,
388 3248 400 3275 ι
423 3231 573 3295 rependam.
646 3231 657 3263 ⁴
671 3231 849 3285 Constmisea:
868 3233 924 3284 «Ne
937 3232 1007 3284 labor
1024 3232 1086 3289 de.

147 3292 575 3356 arauct0r521'anmurdel’um-
613 3293 688 3345 lassat
720 3296 788 3347 inter
819 3296 931 3354 eundum
965 3302 1066 3359 atatem

118 3358 270 3426 aeramen.
613 3356 906 3429 sexumquenimidmtr
940 3357 993 3408 ‘les
1006 3377 1019 3403 ι

152 3427 196 3469 ³«
210 3420 355 3473 Hebraeus»
381 3418 575 3481 (eonsentendu
646 3420 658 3451 ⁸
690 3436 704 3465 6
731 3420 811 3471 stanti
843 3419 981 3471 assimrata
1023 3435 1067 3472 co-

146 3484 263 3552 WPUlUS·
278 3485 305 3547 ’l
326 3508 357 3519 ··
376 3480 550 3546 «permissus,
560 3496 575 3529 t>
615 3480 952 3545 tamum-vopezl’aeode,
963 3485 1067 3550 oh.1nr‚

139 3556 201 3611 arnt
213 3560 271 3611 reru
281 3548 305 3597 la
314 3544 463 3610 permission
473 3544 514 3594 de.
615 3558 639 3593 u.
653 3547 692 3594 26,
887 3568 891 3577 -
