2324 3960
416 212 533 263 nauem
549 212 588 262 LE
604 202 770 262 PlllllTEN'l.

218 307 354 373 lloenibus
365 311 468 376 Oceani
481 313 582 376 relluas
591 314 674 375 maris
688 312 794 376 invehit
802 312 901 388 undaS,
1037 329 1072 376 45
1125 354 1128 361 ·

218 388 381 473 Navigeram
395 398 465 475 ¹per
474 401 591 476 portam,
604 414 667 475 quae
681 400 792 473 portum
807 393 960 474 spatiosum

220 468 292 531 Hinc
305 472 389 534 etiam
404 475 491 535 muris
499 474 618 555 spatiosi
632 474 746 535 includit
759 475 786 534 in
799 472 886 534 urbe:

220 549 298 612 Tunc
307 559 335 612 et
346 572 414 613 arus
426 553 547 635 primdm
559 553 615 615 lllic
627 554 660 615 srt
669 553 737 614 milri
748 553 885 645 cognitus,
901 552 967 613 anni

217 627 351 712 Ejusdem
363 633 472 708 consul,
492 638 587 695 nostrl
604 632 743 696 trieteride
754 636 853 717 prrmt.

272 848 311 899 n.
328 848 527 899 Seutlment·
541 850 583 899 de
598 848 683 911 plcre
698 854 730 897 et
746 851 788 899 alc
802 848 1016 910 resignation.

261 1015 411 1097 (Namque)
428 1021 465 1078 ita
479 1036 525 1079 me
538 1017 625 1078 solers
641 1023 780 1078 castorum
791 1035 856 1077 cura
865 1018 1013 1095 parentum
1038 1034 1073 1080 eu

221 1096 242 1156 Α
254 1114 340 1188 puero
354 1096 483 1169 instituit,
498 1096 562 1158 laedi
571 1116 608 1158 ne
620 1095 732 1178 quanda
743 1096 853 1157 sinistro

218 1175 387 1257 cujusquam
401 1194 528 1238 sermone
540 1177 621 1238 mea²
635 1176 747 1237 salama
757 1175 876 1236 timeret.

218 1252 286 1326 Quae
295 1255 360 1317 licet
368 1255 492 1317 obtineat
505 1256 656 1338 proprium,
669 1255 740 1317 bene
752 1264 840 1337 parta,
849 1254 988 1328 decorem,

219 1334 279 1396 lloc
289 1335 397 1417 patiere
410 1344 504 1397 tamen
514 1344 574 1397 tum
589 1355 635 1396 me
646 1336 801 1397 decorasset
814 1333 931 1410 lmnore,

218 1413 346 1476 Censona
357 1414 380 1476 si
393 1414 494 1478 nostris
506 1416 594 1498 primo
607 1414 792 1496 subtempore
802 1413 872 1474 votis
1038 1432 1073 1475 ss

220 1492 278 1554 Hac
287 1494 317 1554 in
330 1502 406 1575 parte
416 1495 499 1558 etiem
510 1495 676 1557 mansissent
688 1503 751 1557 vota
761 1501 918 1576 parentum,

220 1571 357 1652 Perpetud
370 1583 401 1635 ut
413 1594 531 1656 puerum
544 1582 686 1637 servarent
699 1594 745 1635 me
758 1573 819 1648 tibi,
829 1572 949 1653 Christe,

217 1650 331 1713 Rectius
342 1651 415 1715 hanc
424 1673 519 1714 curam
531 1673 580 1735 pro
594 1675 640 1717 me
652 1654 759 1736 pietatis
772 1652 906 1714 habentes
917 1656 939 1725 ⁸,

221 1730 316 1792 Carnis
329 1741 363 1793 ut
371 1730 506 1794 illecebris
519 1731 640 1794 breviter
649 1732 830 1815 presentibus
844 1751 941 1814 expers

219 1795 349 1873 ‘AEtemos
358 1831 485 1894 caperem
493 1812 610 1873 venturo
624 1813 651 1874 in
663 1822 788 1896 ternpore
797 1812 915 1874 fructus.
975 1866 983 1879 ,
1038 1833 1075 1876 co

166 1920 171 1927 ·
221 1889 277 1952 Sed
289 1890 422 1972 quoniam
433 1911 508 1954 nunc
516 1891 574 1973 jam
583 1892 674 1975 magis
683 1893 738 1954 lroe
749 1913 796 1954 me
809 1890 921 1953 credere
934 1891 975 1952 fas
988 1900 1031 1952 est

220 1970 390 2034 Conduxisse
400 1971 479 2046 mihi,
495 1971 570 2055 quod
583 1980 612 2034 te
621 1971 881 2055 voluisseprobrsti,

219 2049 411 2134 Omnipotens,
426 2060 530 2115 aeterne
541 2052 626 2124 Deus,
639 2053 687 2134 qui
700 2059 799 2114 cuncta
812 2050 959 2133 gubernas,

218 2130 333 2215 Culpam
343 2132 501 2195 renovando
515 2132 584 2194 mihi
598 2133 690 2196 vitalia
706 2134 788 2204 dona,

218 2208 277 2273 lloc
289 2233 365 2274 nunc
379 2214 497 2297 majores
505 2234 555 2295 pro
569 2232 616 2276 mc
625 2213 676 2274 tibi
685 2212 773 2274 debeo
787 2218 888 2294 grates,
1040 2230 1075 2273 cs

221 2291 357 2373 Majorum
369 2296 473 2373 quantd
488 2313 612 2355 errorum
622 2312 761 2374 cognosce
771 2298 889 2352 reatum.

220 2371 347 2454 Namque
360 2382 389 2435 et
403 2379 414 2413 ⁸
431 2373 559 2435 incautus
569 2371 704 2453 quidquid
717 2370 852 2453 culpabile
865 2369 938 2449 gessi

221 2449 393 2524 llliritumve,
406 2472 494 2532 vagus
506 2470 557 2524 per
569 2450 674 2511 lubrica
687 2459 811 2528 tempora
826 2449 900 2519 vite,

219 2528 259 2590 'l'e
271 2530 433 2610 indulgente
444 2528 513 2589 milri
526 2535 616 2589 toturn
629 2526 688 2588 scio
694 2545 782 2663 posse
795 2526 910 2599 remitti,

219 2607 328 2699 Exque
344 2628 388 2670 me
396 2604 546 2689 reprobans
558 2604 666 2687 lapsum
678 2622 692 2663 a
721 2611 767 2662 tua
780 2604 842 2683 jura
856 2603 956 2683 refugi,
1040 2625 1074 2670 70

220 2685 255 2747 Et
267 2706 291 2747 sr
305 2687 361 2747 ulla
376 2690 522 2765 ‘unquam
536 2683 612 2766 potui
627 2689 738 2763 pecata
749 2700 856 2751 cavere,

221 2763 289 2834 Quae
298 2764 367 2825 milri
379 2764 511 2844 majorem
521 2769 646 2841 parerent
657 2760 804 2822 commissa
819 2767 936 2831 reatum,

222 2842 281 2905 llcc
289 2863 401 2926 quoque
414 2861 460 2904 me
473 2841 617 2925 indeptum
632 2839 725 2903 divino
738 2858 854 2903 munere
864 2839 940 2904 nori.

126 3060 187 3125 cille
205 3075 284 3126 situte
305 3090 347 3126 sur
362 3076 485 3128 lesbords
500 3076 531 3127 de
553 3075 578 3125 la
640 3076 679 3122 ἰ
700 3077 765 3128 Meu.
789 3096 801 3121 ι
822 3076 921 3140 Voyea,
935 3090 998 3141 page
1016 3081 1074 3142 258,

124 3139 578 3202 Gamuneeaaitlapauicu'amcne,
608 3145 668 3189 note
688 3146 710 3189 t.

124 3202 279 3269 grand-pere
301 3203 332 3253 de
353 3201 442 3253 Pauliu
465 3205 489 3254 le
507 3202 582 3253 Peni·
643 3201 821 3251 ³Construisez
831 3216 863 3255 μ
878 3202 1008 3251 Habentes
1018 3216 1072 3251 reu-

111 3272 190 3315 .tent.
611 3264 663 3314 tius
672 3264 739 3313 hane
749 3276 838 3313 curam
849 3264 949 3326 pietatis
960 3277 1006 3326 pro
1020 3278 1072 3327 me,

160 3330 168 3359 ¹
184 3325 369 3390 «Navigeram,
380 3332 440 3390 etc,
452 3346 464 3371 ι
477 3338 583 3390 paruae
612 3334 649 3378 ut.
662 3344 674 3370 υ

125 3390 214 3441 entrte
239 3388 372 3453 navigable
401 3388 446 3452 qui
464 3389 529 3439 effre
551 3389 583 3437 de
645 3389 656 3418 ⁴
680 3408 691 3431 ι
714 3388 882 3449 numqaum.
905 3407 916 3431 ι
936 3388 970 3437 La
996 3387 1073 3437 llnale

125 3460 191 3502 cette
202 3452 315 3501 mamere
332 3464 368 3501 un
386 3456 456 3501 vaste
472 3458 585 3514 porten-
614 3451 645 3501 de
666 3462 805 3512 «namque
828 3449 918 3499 »n’est
937 3450 1008 3512 point
1027 3450 1074 3499 eli-

126 3514 208 3563 lerme
225 3514 288 3564 dans
302 3513 326 3563 la
337 3520 408 3565 vaste
419 3515 534 3564 enceinte
555 3511 586 3562 de
614 3513 669 3563 dte.

127 3576 152 3629 la
161 3575 233 3627 ville.
649 3576 660 3605 ⁸
675 3574 723 3625 «St
733 3572 820 3623 ulla.»
833 3573 880 3623 Pas
888 3572 1010 3629 d’dlision.
