2324 3960
522 148 612 197 stta'T
627 147 749 196 OlllENT.

264 252 383 313 Contere
394 250 529 311 calcatum
541 270 605 311 oum
620 250 717 310 mundi
732 248 857 333 principe
869 251 1020 327 mundum,

303 333 337 394 Et
349 332 413 413 luge
423 331 533 393 lascivis
547 330 661 393 credere
670 328 788 393 deliciis.

512 557 562 604 1'1.
579 558 698 605 contre
714 555 875 605 lar-uteo.

267 723 411 785 lmmensis
423 743 550 807 properas
563 722 641 784 terris
655 725 824 806 conjungere
836 732 934 799 terras,
1067 744 1117 790 225

308 804 482 865 Claudeudus
493 804 566 884 perri
579 823 717 865 marmore
729 804 886 885 sarcofagi?

268 885 391 944 Alterius
403 885 504 944 damno
520 884 580 945 lieri
594 883 757 961 locupletior
770 884 880 945 arnlt'rs'?

307 962 385 1032 Quod
399 964 472 1044 rapis
485 964 601 1035 corallis,
618 963 748 1025 mouerit
761 964 885 1038 alteriue,

269 1044 303 1104 Et
316 1064 397 1104 cursu
412 1043 493 1103 celeri
506 1044 548 1105 sic
559 1052 620 1124 post
630 1046 729 1103 amissa
742 1044 860 1124 uoletis,

309 1123 344 1185 Ut
358 1123 471 1183 doluere
486 1123 524 1183 illi
539 1124 586 1204 qui
597 1134 711 1183 tenuere
722 1124 808 1204 priris.
1071 1143 1121 1188 230

268 1208 325 1266 Ceu
339 1223 396 1265 nou
410 1223 519 1264 casuras
532 1206 682 1263 immensus
694 1204 831 1265 construis
844 1222 932 1277 arces,

310 1282 369 1364 lpse
384 1294 476 1345 tamen
490 1284 588 1363 raptim
602 1282 650 1363 qui
665 1283 814 1345 moriturus
828 1283 892 1343 cris.

270 1364 408 1433 (linantur
422 1364 450 1424 in
461 1384 574 1425 somnos
589 1372 701 1424 tenuato
711 1362 799 1424 lucida
814 1362 894 1439 ritro,

309 1443 490 1504 llarmorilrus
502 1444 583 1505 variis
597 1443 713 1515 lubrica,
727 1442 795 1503 cella
811 1441 859 1501 tibi
873 1450 899 1502 ¹:

269 1521 413 1601 Tanquam
428 1543 484 1583 non
496 1524 576 1585 adeat
586 1524 668 1604 liguis
679 1522 805 1585 coeuntia
819 1528 889 1583 tecta
1071 1540 1121 1585 235

312 1600 342 1659 ln
356 1600 428 1661 bene
442 1622 541 1663 securo
555 1614 665 1683 pectore
679 1611 738 1663 tuta
751 1601 841 1683 quies.

275 1678 355 1741 Certe
369 1700 426 1740 non
441 1680 519 1742 aliter
531 1682 651 1743 sitientia
664 1682 766 1763 proluit
777 1702 836 1754 ora,

311 1758 399 1829 Quom
412 1760 511 1840 palmae
523 1761 683 1833 obtulerint,
700 1783 784 1853 quom
794 1781 858 1823 cara
873 1782 993 1843 gemma,
1008 1760 1098 1843 liquor
1112 1783 1120 1833 ;

272 1836 308 1899 Et
321 1840 362 1899 sic
373 1840 523 1921 suscipient
536 1840 737 1923 aalaidijejuma
750 1842 854 1904 ventris

311 1919 385 1989 Quos
399 1920 513 1982 cristalla
529 1920 643 1995 dabunt,
658 1943 784 2004 quosque
797 1922 895 2003 patella
905 1922 992 1985 cibos.
1073 1937 1126 1983 ato

272 1999 384 2078 Annon,
400 2001 527 2083 pellendo
540 2002 662 2083 glacialis
676 2002 776 2083 frigore
790 2002 909 2077 brume,

314 2080 391 2141 Hirta
403 2080 450 2143 titi
465 2083 565 2145 melids
580 2083 661 2166 pallia
696 2083 780 2145 raehet
796 2082 865 2157 oris,

275 2159 364 2232 Quam
377 2183 449 2244 quar,
470 2163 573 2225 lentato
586 2184 634 2247 per
645 2104 749 2225 ludrica
763 2162 808 2223 srla
821 2162 943 2234 metallo,

312 2244 441 2305 Alternos
455 2244 557 2325 lrarrgit
569 2246 653 2307 vestis
665 2253 764 2306 onusta
777 2243 900 2323 gradus?

271 2322 436 2397 Argentum,
452 2333 479 2385 et
492 2325 551 2385 auri
566 2325 663 2391 moles,
678 2334 705 2384 et
718 2344 828 2404 gemma
841 2342 996 2394 coruscans,
1072 2335 1122 2381 245

312 2402 459 2472 Emundo,
477 2412 505 2461 et
518 2403 614 2461 mundi
627 2413 678 2475 est,
696 2403 761 2462 hinc
773 2404 858 2475 venit,
875 2403 921 2462 lrlc
932 2402 1043 2463 residet.

271 2474 376 2537 Venisti
391 2479 420 2535 in
430 2478 566 2537 mundum
579 2479 680 2551 nudus,
696 2482 843 2560 nudusque
854 2482 956 2543 redibis
967 2504 976 2554 ;

312 2554 356 2614 Nil
374 2566 465 2614 tecum
480 2554 619 2625 attuleras,
635 2556 706 2615 ferre
717 2557 785 2615 nihil
802 2558 913 2637 poteris.

272 2633 356 2693 Ferre
370 2641 463 2692 tamen
474 2632 576 2713 poteris
588 2640 744 2714 contempta
757 2632 803 2693 hic
815 2652 931 2696 munere
944 2640 1041 2700 mundi
1054 2663 1064 2715 ;

312 2712 553 2783 lllittosecuturus,
569 2730 630 2791 quae
644 2710 827 2792 duplicentur,
844 2732 921 2791 opes.
1073 2739 1125 2785 250

272 2789 343 2848 Nam
356 2791 484 2849 servata²
499 2788 582 2848 nimis
594 2808 656 2869 quat
669 2810 733 2849 mor
745 2791 817 2851 bona
833 2810 890 2850 non
904 2800 950 2853 tua
965 2793 1043 2869 fient,

313 2867 342 2927 Si
357 2866 405 2928 tibi
419 2886 475 2927 non
489 2886 593 2939 serves,
608 2866 648 2927 sio
663 2868 716 2929 erit
728 2877 759 2930 ut
774 2877 820 2930 tua
833 2872 897 2931 sint.

272 2945 384 3007 ldunera
399 2966 460 3028 queo
474 2946 701 3019 donat-moriens,
716 2950 775 3009 lure
790 2970 904 3010 numera
918 2971 974 3012 non
986 2960 1062 3024 suat,

313 3026 403 3090 Donat
413 3027 489 3089 euim
503 3026 576 3111 quod
586 3026 645 3109 jam
657 3025 758 3089 desinit
770 3049 831 3091 esse
845 3051 938 3093 suum.

211 3278 219 3308 ¹
236 3276 395 3327 construisea
416 3291 423 3324 ε
445 3277 538 3327 «Cella
556 3274 640 3327 lucida
670 3275 741 3327 biens
750 3288 798 3338 que
809 3280 836 3325 tu
845 3278 909 3321 mets
918 3276 974 3334 trop
983 3267 1126 3341 sotgneuse-

177 3346 280 3391 tenuato
293 3340 372 3402 vitro,
392 3338 490 3389 lubrica
506 3339 638 3389 marmori·
670 3344 785 3388 monton
797 3339 906 3397 reservo,
919 3346 951 3383 ne
961 3337 1046 3402 serout
1056 3332 1128 3382 bron-

176 3405 223 3453 hus
235 3404 310 3452 variis
318 3402 440 3466 queritur
456 3402 500 3452 tibi
511 3404 585 3467 (pour
599 3421 611 3447 r
623 3403 640 3453 t
670 3402 771 3464 tdtplus
783 3400 841 3451 atoi
848 3396 1128 3467 ;ilst'appartreudront

181 3474 205 3517 te
217 3486 228 3511 n
241 3466 249 3528 )
263 3467 288 3514 in
299 3478 408 3515 somnos.
427 3484 439 3507 n
672 3480 705 3514 un
715 3467 784 3535 jour,
794 3464 813 3513 si
826 3472 854 3512 tu
866 3474 898 3512 uc
907 3460 943 3511 les
953 3458 1044 3525 gordos
1056 3469 1127 3524 pouit

210 3531 221 3559 ²
241 3530 328 3579 «Nam
335 3534 445 3591 serrata,
456 3529 640 3591 eto.,»corces
670 3541 732 3592 pour
742 3526 881 3579 tor-meme.

7 3691 186 3875 s.
