2324 3960
534 233 626 285 satur
643 232 727 284 nvtT.

246 326 346 395 Taliter
359 333 485 396 effectam
495 355 583 415 quum
597 335 831 397 consummaveris
842 332 941 408 eedem,

248 410 376 477 Protinus
388 414 542 497 ingredere,
558 436 589 478 ac
603 415 738 477 mundum
755 415 864 477 dimitte
873 414 1029 490 cadentem,
1047 429 1099 477 515

245 489 367 556 Exclusit
383 515 466 577 quem
480 496 561 579 culpa
575 495 715 578 frequens,
729 494 870 557 includere
884 494 976 556 clades

246 568 369 663 Incipiat,
383 575 543 668 circumque
552 575 680 650 fremant,
696 583 724 637 te
735 575 848 658 sospite,
864 581 979 639 mortes.

246 648 319 722 Qum
333 655 417 717 etiam
427 655 520 717 lateus
530 657 634 719 sociam
647 654 795 718 succedere
807 662 889 730 tecto,

244 729 279 792 Et
291 753 356 796 cum
369 734 534 818 conjugibus
544 743 624 798 natos
635 736 736 798 intrare
744 734 852 816 jubeto.

244 807 341 895 Tuque
353 815 492 879 secundus
503 816 556 878 erls
568 815 651 879 deleti
659 816 792 898 germinis
805 821 910 888 auctor,
1043 833 1096 880 sao

244 887 280 953 Ut
292 901 320 955 te
334 903 397 977 post
409 895 551 978 primum¹
565 895 704 978 repleatur
712 902 784 957 terra
812 902 918 959 arente.

244 968 300 1033 Sed
314 975 389 1057 quia,
401 976 522 1058 perfeeto
535 976 635 1039 divinis
647 974 751 1038 viribus
761 914 838 1050 erle,

244 1051 309 1114 Post
322 1054 413 1139 operis
424 1055 522 1129 linem,
537 1063 599 1133 post
612 1056 698 1139 leges,
711 1062 828 1139 postque
840 1061 945 1117 sacrata

242 1130 372 1208 Sabbata,
384 1135 495 1199 formari
508 1135 660 1219 quidquam
671 1155 729 1199 uon
737 1135 865 1199 convenit
873 1134 955 1209 ultra,

241 1210 769 1295 Nepenituscessansintercidatomue
782 1222 914 1288 creatum,
1042 1232 1094 1278 sas

241 1290 402 1386 Spirantum
415 1316 432 1359 e
446 1296 553 1359 cunctis
572 1316 720 1379 pecorum,
736 1296 913 1377 celerumque
933 1293 1091 1368 volucrum,

241 1371 434 1459 Silvarumque
447 1375 524 1451 ieris,
534 1377 780 1459 jumentorumque
788 1379 946 1459 potentum,

240 1451 290 1515 Vel
304 1476 366 1539 quae
379 1475 429 1539 par
441 1457 538 1521 tacitos
550 1462 659 1538 reptant
670 1456 790 1519 labentia
804 1463 907 1530 metus,

240 1533 307 1597 Bina
318 1556 396 1620 cape,
412 1544 440 1599 ct
450 1544 544 1600 tecum
557 1537 675 1600 claustro
688 1536 793 1599 victura
804 1541 816 1575 ¹
827 1535 946 1599 reconde
961 1553 970 1598 :

239 1612 286 1675 Sic
295 1622 387 1678 umen
400 1623 433 1678 ut
445 1618 570 1700 proprios
580 1623 692 1680 teneant
702 1637 752 1679 sua
762 1614 872 1678 vincula
881 1635 975 1693 sexus,
1041 1632 1093 1678 cao

238 1691 318 1757 Unde
332 1715 421 1777 geum
434 1717 545 1759 rursum
559 1696 639 1760 tellus
653 1696 792 1781 implenda
804 1704 938 1759 resumat.

238 1770 295 1835 Nec
309 1775 407 1837 timeas
419 1796 456 1839 ue
469 1776 538 1839 sorte
550 1775 622 1839 leros
636 1776 786 1839 animantia
800 1784 891 1839 motus

238 1851 366 1930 Servent,
382 1863 430 1918 aut
440 1856 529 1919 solitis
543 1865 711 1940 praesumant
724 1857 837 1919 rictibus
851 1857 905 1927 iras
920 1879 928 1919 z

237 1932 339 1997 Foedus
352 1936 406 1999 erit
417 1936 535 2012 cunctis,
548 1956 610 2020 que
622 1937 807 2000 discordantia
820 1936 921 2029 pmsert

236 2012 290 2075 Per
301 2015 391 2079 varios
403 2024 500 2079 natura
515 2017 623 2092 modos,
634 2025 664 2080 et
677 2037 744 2101 pace
752 2016 827 2079 lidelr
1041 2032 1093 2078 535

237 2094 346 2159 Parebit
356 2097 442 2191 jussis
453 2097 588 2181 quidquid
599 2096 768 2160 concluseris
782 2097 858 2159 illuc.

237 2172 381 2259 Serpentis
394 2179 502 2241 tantum
514 2198 574 2241 sem
611 2198 624 2239 r
637 2177 769 2259 figmenta
783 2184 890 2249 caveto3

235 2255 345 2322 Vertice
354 2257 492 2321 submisso
503 2258 568 2322 blau
588 2278 637 2320 um
648 2258 713 2321 licet
728 2258 775 2319 ille
788 2255 908 2320 trisulcis

235 2336 357 2402 Finxerit
368 2338 544 2403 abscondens
557 2358 605 2423 per
618 2338 710 2400 dulcia
719 2335 799 2399 sibila
811 2336 916 2419 linguis

233 2415 515 2482 immortaleodium³
530 2440 538 2479 τ
551 2438 603 2481 uec
612 2417 774 2501 quidquam,
788 2418 811 2478 si
822 2417 907 2500 sapis,
921 2413 962 2478 illi
1038 2431 1094 2479 sao

234 2496 405 2576 Credideris3
420 2497 521 2560 blando
532 2516 661 2571 sermone
672 2496 776 2557 infidus
790 2495 907 2571 inescat,

233 2575 323 2647 Quem
337 2577 420 2638 nimis
433 2582 562 2657 expertus
573 2574 717 2636 vitandum
727 2580 880 2654 premonet
892 2573 993 2635 Adam

232 2656 303 2717 Nam
314 2655 483 2738 quicumque
495 2652 582 2714 semel
595 2651 714 2714 laedendi
726 2651 836 2732 quaesiit
848 2657 932 2727 artes,
992 2728 996 2735 Ι

233 2735 283 2797 llic
296 2753 406 2815 semper
419 2737 562 2812 suspectus
578 2731 639 2810 erit,
696 2730 827 2812 nilusque
850 2726 1005 2790 cavendum
1020 2738 1077 2810 est,

230 2813 338 2894 Nejam
352 2808 648 2892 mentitotconjunqat
716 2808 905 2892 eraprudens.
1035 2830 1090 2876 sas

125 2928 130 2935 ·
228 2892 271 2954 'lu
281 2899 344 2975 post
357 2889 516 2973 exemplum
524 2888 609 2993 jaspis
624 2890 726 2953 servire
739 2898 892 2954 memento.
908 2911 923 2950 e

272 3024 338 3086 llaec
349 3023 432 3097 fatus,
448 3041 567 3084 vacuum
580 3021 687 3085 levibus
698 3030 773 3086 secat
784 3027 845 3085 aera
858 3022 968 3107 pennis,

229 3104 372 3168 ldortalem
383 3102 494 3197 lugiens
506 3102 606 3178 aciem,
620 3103 747 3187 coeloque
761 3104 864 3197 relatus

229 3185 347 3250 Heroem
360 3183 499 3268 trepidum
512 3182 641 3248 mandata
648 3187 710 3269 lege
722 3184 864 3267 relmqurt.

166 3354 173 3385 ¹
188 3371 201 3397 a
208 3351 266 3401 Post
274 3348 412 3414 primum·
423 3345 589 3394 sous-enten-
616 3344 723 3396 mortale
738 3358 783 3411 per
799 3343 883 3394 dulcia
896 3344 970 3394 sibila
988 3344 1086 3408 linguis

132 3416 165 3466 dn
179 3433 191 3459 ι
203 3419 344 3479 parentem.
359 3425 373 3456 u
438 3410 445 3423 ⁸
595 3410 598 3415 “
618 3408 737 3471 trisulcis,
754 3406 858 3456 tinxerit
874 3407 931 3472 (se)
955 3405 1082 3457 blandum

165 3479 176 3508 ²
192 3475 352 3527 «Victuram
375 3468 500 3533 Participe
521 3467 592 3519 intur
622 3471 717 3521 vertice
728 3468 862 3520 submisso,
877 3488 888 3511 »ι

14 3566 17 3571 ·
133 3538 292 3591 deceive.»
540 3538 547 3549 ‘
650 3532 809 3583 uenenum
829 3551 841 3575 υ
864 3537 902 3581 est
920 3530 964 3592 ici,
984 3543 1085 3583 comme

168 3600 369 3651 recusaretur:
395 3615 407 3641 a
429 3596 501 3646 Ltcet
522 3595 594 3662 (ser
620 3600 726 3647 movent
735 3596 795 3646 cuca
804 3592 841 3643 les
851 3592 954 3644 enciens
970 3599 1085 3656 auteurs,

2 3720 101 3772 *ι
122 3664 270 3732 peuslr‘lle,
282 3661 439 3725 abscondens
451 3656 595 3736 edlrrprim·
622 3655 1082 3728 emploqtactiremenr,qm'emeriti.
