2324 3960
304 156 457 217 CLAUDIUS
473 160 592 215 MARIUS
610 162 736 214 VICTOR.
956 156 1006 207 md

150 266 228 328 'l’une
241 266 343 328 mentis
349 267 408 348 jam
418 266 517 349 plenus
528 265 613 327 homo
626 264 725 326 tellure
738 261 832 324 relietd

150 344 245 424 Exilis
260 367 291 407 ae
303 347 451 408 Dominum
467 346 588 428 prudeus
604 344 718 406 rationis
732 342 843 404 adorat.

150 425 229 486 Haud
241 425 320 488 aliter
332 426 422 487 bustis
435 427 562 487 mandata
577 443 720 506 resurgere
732 422 834 504 apertis
951 425 1004 471 28⁰

148 504 279 587 Corpora,
293 526 381 587 quum
393 506 494 569 Christi
506 504 577 565 eoelo
587 504 698 585 delapsa
710 501 813 585 patenti

148 583 274 665 Maiestas
284 586 404 667 grauidae
418 583 550 647 reserabit
558 584 664 645 viseera
674 592 765 659 terrae,

147 663 277 738 Erilient,
290 665 496 749 Dominamque
509 663 601 725 oolent
611 670 745 745 terraeque
757 660 880 753 polique.

146 741 218 804 Nam
232 743 306 825 quod
320 763 377 803 non
387 743 484 805 habuit
497 762 584 824 quum
594 742 634 804 sie
646 744 663 805 d
680 742 790 825 pulvere
801 741 849 801 uli

145 822 308 883 Humanum
322 822 482 883 informem
496 831 670 905 eompaetum
682 832 725 884 est
739 840 839 905 eorpus
849 820 998 893 honoram,

147 901 281 962 Perfacile
295 910 337 963 est
346 920 456 962 rursum
469 902 608 983 integrum
622 910 653 962 ut
663 902 699 962 de
710 901 822 982 puluere
832 898 938 972 reddat,

145 980 227 1051 Quod
233 980 290 1061 jam
299 980 396 1042 babuit
408 980 510 1042 multos
520 980 640 1043 eelatum
654 988 723 1043 terra
737 1000 787 1071 per
797 978 914 1041 anuos¹.

146 1059 195 1121 Sio
209 1080 243 1122 ex
255 1061 375 1143 antiquis
388 1060 536 1142 prodibunt
544 1062 620 1143 jussa
632 1059 765 1143 sepulerrs

146 1141 278 1222 Corpora,
294 1161 412 1223 quoque
424 1156 489 1202 suas
503 1142 614 1201 rursum
627 1138 795 1201 assumentis
809 1143 912 1219 partes·

96 1250 103 1261 ·
146 1217 194 1281 Sic
207 1220 247 1282 nil
258 1221 389 1305 preteriti
403 1229 455 1295 est,
468 1220 543 1303 quod
553 1239 611 1282 non
622 1218 659 1280 sit
669 1218 758 1279 forma
770 1216 866 1279 futuri.
950 1222 1002 1268 290

1002 808 1053 865 285

425 1410 464 1461 ΙΙ.
481 1409 529 1459 Ιιι
543 1406 715 1458 tenentium.

184 1548 304 1614 Callidus
318 1559 345 1614 at
358 1571 472 1634 serpens
484 1550 596 1613 Domini
607 1550 710 1634 peririn
760 1550 893 1635 elegeon,

144 1628 256 1692 Talibus
269 1632 407 1693 incautam
418 1633 551 1725 persuasit
563 1570 825 1695 fraudibusffilam:

149 1709 199 1769 «0
214 1711 275 1771 vitae
288 1711 409 1772 melioris
421 1732 511 1795 inops,
526 1732 676 1795 rerumque
687 1712 825 1777 bonarum

144 1787 218 1850 Gens
225 1790 317 1870 ignara
329 1791 489 1854 hominum:
500 1813 593 1875 neque
603 1794 678 1856 enim
687 1793 760 1856 bona
767 1812 850 1856 nosse
859 1789 997 1877 putandus

143 1867 197 1938 Qui
213 1889 296 1950 prava
310 1873 452 1954 ignorans,
464 1874 549 1935 etiam
564 1874 735 1956 distinguere
748 1872 837 1935 nesoit
946 1879 997 1924 ²9⁵

142 1947 203 2017 Quo
214 1950 319 2014 diversa
332 1951 414 2014 bonis
431 1956 503 2015 inter
516 1972 547 2013 se
560 1953 648 2015 limite
660 1954 772 2015 distent.

141 2028 232 2109 Atque
246 2030 308 2093 ideo
322 2040 454 2112 augustos
466 2031 575 2093 homini
589 2031 631 2091 sas
643 2050 755 2113 carpere
766 2030 896 2093 fruetus¹

139 2105 235 2169 Noluit
247 2129 307 2171 esse
317 2111 406 2171 lleus:
418 2129 454 2170 ne
468 2108 571 2170 mentis
582 2109 658 2169 nube
669 2114 774 2170 remota

143 2186 297 2248 lmmittant
311 2188 339 2247 in
353 2187 455 2248 eoelum
468 2187 575 2259 oeulos,
589 2196 672 2267 atque
684 2188 788 2268 optima
800 2193 926 2261 noscant,

138 2265 259 2405 Sintque
273 2266 332 2326 deis
341 2266 459 2327 similes.
471 2265 544 2325 ollio
556 2284 631 2326 nune
643 2283 789 2327 excurrere
801 2264 914 2349 paulum
945 2274 997 2320 300

137 2345 190 2406 Fas
219 2349 294 2420 uat³,
309 2351 336 2406 et
348 2352 443 2427 turpes
458 2351 583 2407 veterum
595 2342 699 2407 deflere
711 2345 816 2407 ruinas.

177 2504 222 2567 Ah
234 2502 354 2567 nimium
364 2503 458 2567 miseri
471 2504 598 2589 gentiles,
609 2525 681 2590 quos
694 2505 771 2570 liuor
781 2506 839 2592 egit

139 2584 170 2644 ln
183 2586 273 2647 varios
287 2586 366 2663 ritus,
378 2587 545 2671 cognomina
558 2590 648 2651 multa
661 2589 776 2651 deorum

138 2663 266 2745 Fingere,
277 2667 469 2808 pluralemque
482 2668 541 2730 lleo
552 2688 651 2732 vocem
661 2668 762 2731 addere
775 2669 844 2730 solil

136 2741 280 2826 Serpentis
294 2748 411 2829 primam
439 2769 491 2809 ane
504 2749 599 2811 sonuit
609 2749 756 2831 voximpia
772 2749 836 2830 diri,
943 2758 995 2805 30⁵

137 2821 190 2893 Qui
206 2826 300 2887 mortis
314 2835 375 2889 tum
388 2848 470 2889 eausa
480 2828 541 2890 suit.
552 2828 623 2891 Nam
637 2829 748 2891 credula
762 2832 909 2912 postqulru

139 2900 223 2983 Rupit
236 2906 376 2988 sacrilegis
390 2908 580 2990 prescriptum
597 2909 734 2972 morsibus
746 2908 814 2986 llas,

75 3105 82 3135 ¹
100 3080 193 3167 soued
207 3123 257 3160 non
269 3109 359 3160 habuit
371 3129 382 3155 ι
395 3123 422 3161 se
437 3123 496 3174 rap-
536 3112 646 3162 sormam
667 3112 806 3179 honoram,
815 3114 935 3180 perleeils
953 3120 992 3166 est

74 3170 144 3240 stoa¹
155 3187 169 3216 «
189 3171 320 3236 integrum
328 3191 344 3243 a
355 3180 384 3245 et·
403 3180 442 3223 est
463 3187 496 3223 en
535 3181 641 3224 utterre
649 3175 739 3226 reddat
747 3177 877 3243 integrum
887 3178 991 3227 rursum

72 3236 361 3347 teanensis
375 3235 495 3348 tarne
534 3236 990 3352 ueratrum

72 3351 128 3402 lsrra
147 3369 212 3419 pour
232 3358 350 3421 indiquer
372 3359 397 3409 le
418 3372 493 3431 sens:
564 3314 740 3435 ‘snugllstos
760 3364 868 3425 fruetus,
888 3333 988 3411 {trum

72 3419 214 3480 ram‚quod
227 3421 316 3484 (terra)
326 3433 378 3470 non
395 3420 492 3483 habmt,
532 3424 727 3485 saeresdrums.

74 3491 118 3529 uui
140 3493 232 3545 eorpus
257 3482 401 3532 humanum
423 3494 493 3531 oom-
563 3486 694 3538 ¹‹Fuet
709 3503 725 3535 »
747 3488 895 3540 Arehstsms
925 3494 992 3547 pour

72 3543 139 3591 etum
150 3548 188 3591 est
205 3543 242 3593 sle
260 3543 391 3611 epulrere
410 3541 498 3597 siliin
533 3565 545 3591 α
563 3546 605 3597 sit.
631 3565 643 3593 ι
