2324 3960
566 156 790 217 ruoouucrrru.

296 265 444 352 Quumque
459 269 497 331 tui
509 273 648 351 aspectus,
665 269 836 330 sanctissime
849 286 927 350 papa,
942 267 1078 340 recordor,

336 348 444 431 Corque
457 351 607 431 oculosque
621 369 698 409 meos
709 349 748 410 nil
762 349 815 410 nisi
830 349 920 409 luctus
932 347 1024 410 habet.

295 428 408 490 Munera
423 439 499 512 grata
513 431 562 491 tibi
573 429 706 490 incolumi
718 428 851 489 mittenda
866 428 1005 511 parabam,

334 508 431 571 Tristia
443 530 517 571 nuuc
532 522 631 571 moesto
646 519 756 589 pectore
769 509 840 570 dona
854 529 929 588 paro.
1112 526 1144 581 πο,

294 588 429 651 Marmora
443 610 492 670 pro
506 591 618 667 tunicis,
634 610 738 671 proque
752 609 818 649 auro
828 587 920 649 ssebile
931 609 1043 651 carmen

334 668 421 739 Quae¹
438 679 514 752 gerat
529 691 596 730 urna
612 689 707 750 capax,
720 670 777 748 jam
791 678 836 728 tua
853 689 933 747 parva
948 670 1059 731 domus.

294 746 382 819 Quam
397 752 459 831 quis
471 751 505 811 ab
517 771 613 811 occasu
630 769 776 830 properans
786 748 829 808 vel
843 747 969 831 quisquis
979 749 1013 811 ab
1025 758 1087 812 ortu

333 828 487 911 Conspicis,
502 830 548 891 hic
562 850 664 890 munus
677 829 751 912 quod
765 828 913 897 venereris,
930 828 1027 891 habes

294 907 520 992 Sexusuterque,
533 930 626 979 senex.
639 910 842 990 juvenis,puer,
854 908 971 982 advena,
986 910 1066 985 civis,
1095 928 1141 972 '25

333 987 462 1071 Quisquis
472 1011 512 1063 es,
526 990 646 1051 Adriano
661 990 704 1050 dic
718 990 753 1049 sit
764 1009 874 1049 amoena
888 988 977 1070 quies

293 1068 422 1147 Rraesulis
435 1071 515 1130 istius
529 1090 646 1150 semper,
661 1078 691 1129 lu
706 1069 804 1141 Roma,
820 1077 974 1149 memento,

333 1148 388 1222 Qui
400 1149 449 1210 tibi
466 1157 539 1210 tutor
552 1169 647 1230 opum,
664 1170 760 1210 murus
772 1158 801 1210 el
814 1169 888 1209 arma
902 1147 965 1211 fuit.

292 1228 333 1289 Tu
351 1224 461 1311 quoqu'e
473 1250 614 1291 successor
624 1230 749 1290 resi-lens
762 1230 791 1288 iu
804 1229 870 1289 sede
882 1233 997 1301 sacrata,

333 1308 378 1370 Sis
394 1330 500 1370 memor
514 1310 666 1391 mehupas,
682 1310 718 1369 sit
731 1309 805 1370 Deus
819 1309 877 1389 ipse
891 1314 943 1372 tui.
1114 1325 1144 1371 eo

292 1388 363 1450 lluic
376 1410 457 1471 preca
471 1402 547 1471 grata
557 1390 637 1471 quies
651 1389 730 1449 aletur
740 1388 874 1469 Paulique
886 1388 1016 1470 Patrique
1029 1410 1038 1461 ;

331 1469 412 1530 Hunc
425 1491 536 1553 quoque
550 1469 706 1531 coelicolrim
719 1478 816 1529 cuncta
827 1477 932 1528 caterva
944 1468 1035 1548 juvet.

291 1548 362 1609 Huic
376 1550 466 1609 lucem
482 1552 603 1612 concede
619 1551 703 1632 piam,
720 1548 839 1610 concede
854 1548 989 1629 quietern,

332 1628 391 1688 Rex
403 1628 487 1695 Deus.
499 1637 580 1709 atque
593 1630 684 1709 operis
696 1638 726 1689 tu
740 1630 869 1689 miserore
881 1628 931 1689 tui.

291 1707 333 1768 En
347 1715 390 1767 est
403 1708 476 1788 quod
491 1709 579 1767 fuerat
594 1709 682 1788 pulvis
698 1709 732 1768 de
745 1709 855 1789 pulvere
867 1715 1004 1790 sumptus,
1114 1724 1145 1770 ³5

332 1786 388 1846 Sed
402 1794 517 1865 putres²
532 1788 638 1847 cineres
651 1796 681 1847 tu
694 1808 818 1867 reparare
830 1788 911 1849 vales.

292 1864 379 1928 Credo
394 1866 467 1947 quod
482 1867 528 1926 lric
542 1866 631 1946 pulvis
645 1874 779 1927 transacta
791 1880 879 1928 morte
892 1878 1028 1950 resurget,

331 1946 387 2009 Nec
399 1949 456 2026 jam
470 1956 531 2028 post
546 1947 683 2007 tumulum
698 1948 737 2008 sic
752 1950 900 2008 moriturus
915 1947 977 2009 erit.

291 2027 347 2089 llos
362 2028 453 2111 apices
465 2029 633 2109 quicumque
647 2028 725 2108 legis,
742 2038 768 2088 te
780 2049 863 2088 nosce
874 2029 1001 2089 lutumm

329 2108 388 2170 lloc
400 2109 474 2190 quod
489 2108 534 2168 lric
547 2117 598 2180 est,
615 2109 723 2169 omuis³
738 2109 793 2168 hoc
806 2129 868 2169 caro
881 2108 972 2190 pergit
984 2112 1048 2172 iter.
1113 2127 1144 2175 to

290 2187 356 2250 lude
368 2197 445 2250 tuam
458 2196 574 2249 mortem
589 2190 712 2249 venturis
727 2189 834 2249 casibus
848 2200 954 2269 aptans,

329 2267 413 2330 Oratu
423 2277 451 2330 et
464 2268 589 2351 precibus
604 2270 641 2331 sis
655 2289 761 2330 cremor
773 2269 865 2350 hujus.
879 2269 947 2329 Ara.

286 2483 361 2532 xlv.
380 2484 500 2531 Venus
517 2483 596 2531 tacti
615 2490 652 2529 ut
667 2497 688 2529 a
704 2482 815 2542 pueri·
832 2482 867 2528 ln
888 2481 940 2529 die
950 2481 1145 2533 palmarum

592 2550 808 2590 cantarentur·
817 2544 837 2591 ⁴.

283 2709 385 2782 Gloria,
396 2711 456 2772 laus
468 2720 496 2770 et
506 2709 594 2769 honor
604 2709 651 2769 tibi
661 2711 761 2781 sit,rer
771 2709 887 2783 Christe,
899 2713 1081 2797 Redemptor,

323 2789 375 2852 Cui
387 2788 492 2871 puerile
506 2789 590 2849 alecus
603 2789 737 2872 prompsit
748 2790 871 2853 hosanna
883 2798 893 2831 ³
908 2793 995 2875 pium.

219 3065 227 3096 ¹
247 3066 332 3125 rQuae
352 3083 364 3107 a
383 3078 397 3113 a
418 3078 482 3127 pour
502 3067 652 3117 arrteceoent
671 3082 737 3132 gers.
756 3071 865 3134 L'Eglise
878 3084 910 3118 eu
922 3070 1013 3118 chance
1032 3069 1070 3120 les
1085 3086 1145 3132 pre·

82 3162 92 3175 .
185 3142 199 3174 a
209 3139 354 3178 marmora»
364 3133 390 3177 et
401 3128 505 3177 «tlebile
514 3143 625 3178 carmen.
637 3151 648 3175 u
671 3133 747 3180 rulers
759 3134 840 3182 uerso
851 3133 874 3180 la
883 3132 1026 3194 processioa
1036 3133 1072 3181 du
1079 3133 1143 3196 jour

215 3190 227 3220 ²
246 3191 319 3240 «Sed
336 3196 421 3252 putres
437 3192 552 3245 cineres,
574 3199 646 3241 etc.»
670 3194 714 3243 des
727 3195 863 3243 llameaux.

182 3248 247 3302 Vers
266 3253 401 3313 emprume'
424 3253 440 3300 a
460 3253 526 3301 salut
548 3256 649 3318 Eugene
704 3258 744 3299 r,
770 3257 895 3306 llosarma.
918 3275 929 3299 u
960 3257 1012 3304 lllot
1040 3257 1142 3307 hebreo

182 3313 213 3363 do
232 3314 332 3365 Tolede.
668 3320 787 3381 corupose
796 3321 827 3368 ale
838 3321 876 3367 usi
886 3319 930 3380 qui
940 3318 1040 3381 siguilio
1051 3319 1139 3380 soleo,

215 3377 226 3411 ³
243 3396 255 3423 a
273 3378 369 3428 Omnis.
384 3376 500 3440 »Vopou
513 3391 577 3442 page
592 3383 647 3444 258,
672 3389 697 3430 et
715 3383 746 3430 de
760 3388 782 3429 ta
796 3381 904 3431 torrnulo
916 3382 946 3429 de
958 3382 1041 3444 peiere
1054 3396 1139 3444 unaco,

182 3446 240 3490 note
256 3448 275 3490 t.
671 3444 715 3506 qui
734 3442 833 3507 siguifie
845 3445 979 3492 courcero.
993 3462 1003 3485 r
1015 3443 1048 3491 lcl
1066 3442 1084 3491 il
1097 3452 1138 3493 est

213 3501 404 3613 ⁴Theodulpum
434 3514 551 3616 composp
582 3510 647 3555 cette
670 3504 1136 3569 emptoresubstantiucrrreutctjoiut

184 3563 280 3629 lapmue
300 3577 349 3627 pen
401 3570 479 3616 team
499 3567 540 3618 exi
571 3566 960 3631 atu-al'arueutil«ptum.e
