2324 3960
358 173 515 228 CLAUDIUS
532 172 651 225 meatus
666 170 792 223 VICTOR.
1011 169 1056 219 me

204 276 342 340 Paulatim
349 276 431 359 jussit
441 275 566 358 pelagus,
578 273 737 355 sensimque
749 271 834 335 relabi
846 296 853 332 ε

202 357 283 422 Nera
303 357 355 419 tim
366 356 475 438 fugiens
486 365 571 418 terras
580 354 752 416 subverteret
765 372 872 426 omnes,

202 438 262 501 Ets
308 438 375 499 ilem
390 438 419 497 in
435 434 531 498 sedem
542 432 623 497 tellus
637 433 750 501 utsieca
762 440 876 496 mearet.
1005 448 1055 493 570

202 517 329 601 Denique
338 516 439 596 diffuso
453 515 551 597 planus
560 533 626 575 mox
637 533 700 576 aere
713 520 808 575 vertex
822 514 832 548 ¹

150 614 153 619 ·
202 597 322 660 Prodere
335 617 366 659 se
379 595 462 678 coepit
475 595 654 676 pedetentim,
671 601 698 655 et
712 612 820 654 summa
833 592 923 657 videri

201 681 288 741 Posse
296 679 375 759 juga,
388 697 420 737 ac
432 675 528 757 planes
541 673 661 755 seoptdis
673 673 841 735 descendere
851 673 963 749 fluctus,

203 755 330 839 Cumque
344 755 476 819 residenti
489 754 594 817 sensim
608 772 785 835 prorumpere
799 753 894 835 silvas·

201 836 336 921 AEquore,
349 844 377 900 et
387 836 510 899 occultos
520 834 652 918 paulatim
665 851 779 915 surgere
792 832 886 896 colles.
1002 848 1054 894 575

240 993 358 1076 Jamque
368 994 448 1076 niger
459 992 552 1076 patula
567 990 721 1075 speculator
733 995 745 1031 ¹
757 990 861 1055 missus
874 993 909 1055 ab
927 996 1001 1068 ared,

200 1075 272 1136 Aera
284 1081 441 1157 reppererat
454 1073 603 1155 placidum,
617 1072 766 1164 praedaque
777 1076 885 1155 repertt

200 1154 263 1216 Non
275 1156 333 1237 jam
346 1154 458 1217 curabat
467 1160 599 1215 consueta
615 1171 645 1213 rn
658 1152 778 1214 claustra
791 1150 901 1214 reverti.
1008 1156 1011 1161 '

202 1234 239 1296 Er
258 1233 388 1297 oemissa
402 1233 490 1295 semel
504 1233 579 1295 vitali
592 1233 608 1295 e
621 1232 688 1295 sede
701 1234 714 1277 ³
727 1229 865 1303 columba,

199 1255 379 1377 Niirelerene
390 1312 468 1388 certi,
484 1333 595 1376 rursum
607 1312 720 1374 dimissa
732 1316 855 1401 reportat
1002 1323 1054 1373 580

201 1392 332 1456 Pacilerm
344 1394 387 1457 lru
409 1394 433 1455 is
444 1413 559 1475 parvum
572 1392 693 1455 lihamen
702 1389 794 1452 olivae.

199 1472 305 1536 'lautus
316 1474 351 1537 ad
360 1415 495 1536 inliciunt
506 1473 561 1534 hoc
570 1469 665 1553 magni
678 1489 744 1532 cum
755 1468 839 1531 laude
851 1468 971 1552 parentis
982 1474 993 1508 ⁸*

200 1551 363 1615 Clausorum
377 1554 472 1632 fletus,
487 1571 543 1634 quo
556 1570 587 1613 se
600 1548 720 1633 gaudere
731 1550 866 1623 revelant,

199 1632 339 1708 Exoritur,
355 1638 475 1714 quantus
489 1631 575 1694 muris
589 1649 677 1714 quum
689 1628 778 1693 victor
791 1630 906 1695 acerbus

200 1712 329 1791 lusultat,
341 1712 466 1774 subitum
476 1711 596 1775 obsessis
609 1712 634 1775 si
648 1711 717 1774 forte
730 1711 834 1775 feratur
1003 1728 1052 1774 aas

198 1793 341 1856 Auxilium
352 1812 360 1866 3
376 1799 497 1875 quantus
510 1812 598 1877 quum
607 1790 701 1874 judice
714 1791 798 1855 missa
810 1791 936 1857 modesto

196 1872 329 1935 Addictos
341 1891 454 1936 rursum
464 1873 529 1936 vite
542 1873 679 1935 sententia
690 1872 781 1935 reddit
792 1897 800 1946 ;

197 1951 324 2024 Quantus
336 1952 543 2035 inambiguum
555 1952 640 2015 trinus
650 1971 739 2032 quum
751 1952 808 2013 vita
820 1950 937 2014 recurrit

198 2031 273 2095 luter
282 2033 429 2115 lugentum
442 2032 577 2112 lacrymas
589 2037 619 2092 et
632 2029 733 2111 gaudia
744 2029 837 2092 fletus.

239 2191 426 2268 Posteaquam
438 2205 549 2249 rursum
562 2184 728 2267 speculatrix
740 2203 803 2245 arra
811 2191 905 2266 patere
1005 2203 1055 2249 aso

199 2269 326 2338 Nuntiat,
342 2266 398 2325 hoc
411 2265 420 2322 i
440 2284 471 2326 so
484 2263 565 2325 terris
576 2263 651 2345 quod
665 2263 749 2324 missa
762 2264 880 2346 receptis

116 2418 119 2422 ⁴
197 2347 262 2406 Non
272 2342 366 2414 rediit,
380 2283 467 2405 tetiet
476 2342 569 2425 pigras
581 2341 700 2425 perferre
713 2342 841 2416 latebras,

200 2424 236 2485 Et
244 2422 323 2504 juvat
333 2421 368 2482 ad
382 2420 445 2483 coeli
458 2430 556 2485 ventos
566 2422 668 2505 spirare
675 2423 806 2505 patentis,

199 2502 233 2566 dt
255 2521 291 2564 ue
301 2507 424 2564 animam
436 2501 557 2566 aetheree
569 2501 688 2565 laxatam
701 2522 815 2586 pascere
823 2523 919 2569 seusu.

198 2523 335 2646 Selium
348 2582 518 2646 claustrales
532 2590 576 2647 est
585 2584 660 2647 exire
673 2584 788 2667 patenti,
1002 2602 1051 2648 595

196 2663 292 2727 Donec
308 2663 449 2747 relliquias
460 2664 525 2727 illuc
538 2665 587 2749 qui
598 2663 720 2747 jusserat
731 2665 810 2727 orbis

196 2744 349 2827 Ingredier,
362 2744 458 2825 jubeat
470 2746 554 2808 sacris
572 2744 705 2807 excedere
717 2745 841 2809 claustris

196 2824 310 2889 Coelitus
324 2823 497 2887 admonitum
506 2824 562 2886 fida
573 2844 637 2887 curn
654 2824 771 2908 conjuge
782 2825 852 2902 Nori,

195 2902 324 2985 Cumque
337 2903 432 2980 domo,
453 2912 482 2967 et
494 2904 567 2967 natis
580 2905 690 2987 pariter,
704 2905 875 2991 nuribusque
889 2907 1006 2992 pudicis,

196 2982 232 3045 Et
244 3002 316 3044 nova
329 2982 454 3045 deductis
468 2987 569 3045 iterum
580 2984 646 3046 dare
659 3003 724 3046 rura
737 2986 855 3069 colonis,
999 3008 1050 3055 eoo

196 3061 357 3145 Cunctaque
370 3063 509 3126 succiduae
524 3070 629 3125 servata
640 3064 791 3127 animantia
803 3068 885 3151 proli,

195 3141 258 3205 lam
268 3143 375 3226 captiva
386 3143 445 3220 diu,
459 3142 585 3206 claustris
598 3143 725 3209 emittere
737 3147 848 3228 apertis,

133 3351 140 3382 ¹
162 3372 173 3399 o
193 3354 297 3420 Vertex,
318 3375 331 3401 »
349 3357 373 3407 le
390 3362 501 3408 sommet
520 3357 556 3407 du
630 3357 664 3400 ³«
678 3355 754 3408 Vitali
774 3360 841 3420 sede,
854 3377 866 3403 n
877 3359 961 3423 sejour
980 3357 1048 3409 tute'·

100 3421 173 3467 mom
185 3420 285 3470 Ararat.
592 3416 664 3469 laire.

137 3477 148 3509 ¹
160 3498 172 3523 α
185 3480 262 3545 Niger
275 3479 448 3548 speculatum»
462 3482 486 3532 le
498 3495 553 3534 cor·
622 3481 659 3525 *α
672 3480 758 3546 Magni
777 3483 896 3549 parentis.
910 3502 921 3528 »
936 3483 1011 3547 Dieu,
1024 3482 1048 3533 le

99 3539 172 3591 beau.
591 3543 651 3606 pere
661 3543 692 3595 de
702 3549 784 3596 toules
796 3546 891 3597 choses.
