2324 3960
272 274 279 286 ·
372 248 463 315 sarno
480 248 725 298 nonavnnnunn.
987 245 1031 294 aar

161 359 166 369 ·
259 347 367 408 Clamas
380 366 446 425 ergo
460 370 466 406 :
484 346 638 424 «Domine,
654 347 740 408 dulcis
754 348 925 429 praedicator,

258 426 377 486 Enrlum
391 426 541 504 refugium,
556 446 707 508 pauperum
726 436 842 501 amator,

259 504 311 575 Qui
327 526 356 566 es
372 506 566 586 poenitentium
581 507 642 588 pius
659 508 825 584 consolator,

259 585 326 646 Post
340 592 367 645 te
381 585 484 647 dehent
497 604 606 657 currere
615 586 706 667 justus
718 596 746 649 et
758 595 893 670 peccator.

259 770 330 831 lusti
340 769 443 852 quippe
456 770 560 851 regula,
574 771 637 833 vilae
651 771 825 847 caducarius,

261 850 436 911 Peccatorum
451 851 605 930 speculum,
621 852 688 911 mira
700 850 854 934 disciplina,

261 930 355 990 Fossis
369 937 397 990 et
411 930 546 991 debilibus
561 928 658 992 efficax
670 931 773 1004 resina,

259 1009 353 1094 AEgris
366 1017 393 1070 ot
405 1009 602 1091 languentibus
613 1017 710 1092 potens
723 1010 872 1074 medicina.

263 1193 371 1255 Primus
385 1194 414 1254 in
426 1194 479 1255 hoo
492 1194 593 1256 saeculo
604 1193 744 1257 charitatis
755 1196 878 1257 sobolum

262 1274 433 1343 lostaurlsti,
450 1293 572 1355 quaerere
585 1274 688 1337 docens
699 1274 750 1337 Dei
762 1275 849 1335 solean

262 1354 394 1427 Gloriam,
409 1354 546 1435 deponere
560 1375 671 1434 gravem
686 1354 783 1414 mundi
798 1355 900 1428 molam
913 1360 935 1427 ¹,

262 1433 296 1495 Et
308 1433 348 1494 sio
360 1452 441 1514 posse
452 1433 587 1516 perditam
601 1432 732 1495 rehabere
744 1440 754 1472 ¹
766 1434 877 1497 stolam.

264 1620 320 1682 Sed
332 1621 404 1681 banc
416 1620 540 1682 scholam
551 1630 657 1682 temere
668 1620 789 1701 mundus
799 1619 938 1694 irridebat,

262 1701 402 1780 Spernens
415 1709 443 1762 et
454 1700 610 1762 annihilans
623 1700 757 1783 quidquid
768 1699 945 1782 promittebat
956 1703 985 1773 ’ς

265 1780 323 1841 'lua
337 1801 402 1841 vero
416 1780 525 1841 bonitas
537 1781 610 1843 vices
623 1800 680 1842 non
692 1780 832 1853 reddebat,

265 1860 323 1920 lmo
342 1860 538 1942 poenitentibus
559 1868 648 1922 totum
669 1858 837 1942 ignoscebat.

266 2038 372 2129 Quippe
389 2039 434 2100 cui
451 2040 594 2120 proprium
606 2045 664 2099 erat
676 2030 812 2110 misereri,

266 2118 349 2198 Diligr
365 2116 534 2189 desiderans,
558 2117 646 2196 magis
665 2119 749 2198 quam
769 2115 871 2195 timeri,

266 2197 323 2256 Sed
343 2195 424 2256 verba
445 2216 501 2256 non
522 2196 637 2258 verbera
653 2196 804 2277 proferens,
826 2195 927 2258 austun

154 2284 159 2291 '
267 2275 446 2357 Praeceptoris
467 2275 557 2337 noluit
578 2295 654 2336 more
672 2275 800 2336 revereri.

266 2462 332 2524 Haec
348 2461 376 2522 in
394 2461 528 2522 adulterio
545 2463 623 2523 novit
639 2461 822 2543 deprebensa,

267 2540 355 2611 Quam
370 2541 407 2601 sit
421 2548 467 2602 tua
485 2541 572 2622 pietas
592 2542 696 2615 scilicet
714 2541 860 2602 immensa.

265 2621 431 2701 lllagdalena
449 2621 535 2682 sensit
547 2620 611 2699 hcc,
630 2641 717 2702 quum
735 2621 762 2681 ei
777 2620 883 2682 offensa

265 2701 314 2761 Est
332 2701 456 2771 dimissa,
481 2701 624 2783 multiplex
645 2701 732 2783 gratia
752 2698 889 2782 impensa.

268 2885 302 2944 Et
319 2886 386 2966 quid
409 2885 495 2945 mulla
515 2886 652 2947 dicerem?
668 2895 736 2965 quot
754 2893 820 2947 suut
837 2884 977 2947 consecuti

269 2963 336 3039 Ejus
351 2964 554 3041 magisterium,
572 2985 588 3024 a
601 2965 659 3024 suis
673 2964 759 3024 abluti

267 3040 347 3101 Vitiis
359 3050 435 3114 sunt,
451 3042 574 3104 moribus
590 3042 702 3123 optimis
716 3040 826 3113 imbuti,

254 3121 300 3182 ‘Et
314 3120 347 3182 ab
362 3121 450 3182 bostis
465 3121 550 3182 invidi
562 3119 657 3181 fraude
670 3119 736 3181 facti
750 3121 801 3181 tuti
814 3122 821 3179 l

125 3437 132 3465 ⁸
153 3431 378 3494 «Mundimolam,
396 3449 408 3473 a
427 3428 553 3479 doits'en-
582 3434 688 3476 tourner
709 3428 735 3476 la
755 3425 839 3476 meule
855 3437 905 3474 aux
922 3425 1042 3475 esclaues.

91 3497 180 3546 tendre
192 3493 264 3543 icida
276 3493 424 3553 l'csclavage
436 3492 470 3541 du
482 3505 552 3541 mon·
613 3489 624 3518 ⁹
643 3507 656 3533 c
668 3490 805 3541 Rehabere.
820 3506 832 3531 ν
846 3500 993 3538 recouvrer.

92 3558 133 3618 da,
154 3571 199 3621 par
218 3556 324 3605 allusion
346 3562 362 3604 a
386 3555 412 3603 la
433 3561 552 3604 contume
613 3551 654 3592 ⁵«
678 3550 851 3601 Promittebat.
883 3567 894 3595 a
919 3550 1044 3609 Sousou-

93 3618 235 3680 qu’avaiant
254 3617 290 3667 les
308 3619 414 3668 enciens
435 3617 466 3666 de
489 3615 552 3667 laice
583 3613 662 3666 tenda
676 3633 688 3658 ι
703 3615 757 3663 heac
769 3610 888 3663 schola.»
1062 3624 1078 3735 i
