2324 3960
541 166 634 215 SAlN'l'
649 166 735 216 uvir.

395 356 452 437 llll
482 356 739 440 SENTENTIA
766 360 862 444 lllll.

567 549 683 565 ὴ,

339 664 391 713 ΙΙ.
407 666 552 715 Plnlnten
570 666 748 728 mrlleues
764 668 908 721 «mm.

239 831 305 894 lle*
322 832 368 894 ubi
382 832 540 894 convictum
554 832 627 893 claro
638 853 668 893 se
677 833 783 894 lumine
797 835 876 913 vidit,
952 840 955 845 '
1000 854 1053 901 333

200 911 323 974 Prodidit
333 920 361 975 et
370 923 457 974 totum
472 913 606 977 discussio
613 912 688 995 justa
700 922 818 993 reatum,

200 991 261 1053 Non
276 1013 356 1075 prere
366 992 502 1054 submissu
515 992 624 1054 veniam
634 1011 682 1074 pro
695 993 809 1055 crimine
817 994 919 1133 Hoseit,

200 1072 264 1133 Non
273 1074 343 1135 votis
353 1073 513 1155 lacrymisve
522 1082 611 1155 rogat,
626 1092 683 1133 non
696 1072 805 1135 vindice
838 1083 884 1135 etu

203 1153 348 1215 Praecurrit
361 1152 487 1213 meritam
499 1153 613 1236 supplex
626 1150 762 1214 confessio
793 1172 895 1215 renam.
921 1160 925 1165 '

202 1234 324 1315 Jamque
337 1232 421 1293 miser
431 1230 532 1309 laetus,
543 1232 667 1293 nondum
680 1172 842 1295 misarapbilis
855 1233 900 1296 ille
912 1242 965 1298 est.
1000 1257 1051 1303 333

203 1310 274 1374 Nam
287 1332 370 1375 sensu
382 1312 508 1395 erigitur,
520 1311 691 1393 tumidisque
702 1332 817 1375 aceensa
832 1315 964 1397 querelis,

204 1391 303 1455 Fertur
318 1395 346 1454 in
361 1393 472 1453 insanas
484 1392 572 1454 laxata
584 1390 713 1475 superbia
724 1412 806 1454 voces
820 1415 827 1451 :

210 1496 225 1532 3
239 1477 301 1536 Heu
312 1473 384 1534 male
396 1472 538 1554 perdendo
547 1472 647 1533 mulier
659 1470 805 1553 cunjuncta
817 1472 914 1535 marito
925 1476 933 1537 1

205 1550 296 1622 Quam
309 1552 413 1613 sociem
427 1552 528 1613 misero
537 1552 626 1635 prima
637 1550 688 1612 suh
702 1552 762 1635 lege
773 1550 882 1631 dedisti,
981 1550 985 1557 '

207 1632 273 1693 Haee
286 1650 331 1692 me
344 1630 466 1693 consiliis
478 1632 543 1693 vicit
555 1632 660 1693 devicta
673 1632 805 1711 sinistriS,
1007 1655 1060 1700 343

208 1712 242 1773 Et
251 1710 302 1771 sibi
314 1710 373 1791 jam
387 1718 485 1771 notum
500 1712 635 1793 persuasit
649 1730 760 1774 sumere
772 1733 897 1797 pomum.

209 1789 260 1852 lsta
272 1791 339 1852 mali
352 1799 435 1874 eaput
449 1799 502 1867 est,
516 1789 620 1853 crimen
632 1792 750 1854 surrexit
761 1796 796 1854 alr
809 1793 872 1855 ista.
1011 1860 1015 1871 ,

209 1870 341 1933 Credulus
352 1870 411 1953 ipse
420 1869 471 1948 lui,
482 1869 568 1933 fidei²
581 1872 629 1932 sed
641 1884 671 1932 tu
685 1872 785 1934 unicus
797 1882 902 1947 auctor,

210 1950 388 2014 Gonnuhium
399 1950 517 2031 donans,
530 1950 659 2013 etdulria
673 1952 784 2013 vinnula
797 1962 921 2019 nectens.

211 2030 250 2096 At
269 2050 306 2093 ue
317 2032 424 2094 utinam
435 2032 514 2111 lelix,
527 2052 589 2125 quae
601 2031 742 2115 quondam
756 2032 814 2094 sola
828 2033 948 2116 vigebat,
1009 2051 1061 2100 335

212 2053 318 2175 Caiiebs
332 2112 387 2175 rita
400 2112 486 2191 foret,
500 2113 561 2175 talis
570 2132 623 2174 nee
636 2112 761 2195 cunjugis
773 2132 896 2196 unquam

214 2191 329 2257 Foedera
342 2194 486 2275 sensisset,
499 2194 594 2257 comiti
604 2212 663 2254 uon
673 2192 783 2255 subdita
793 2196 900 2277 pravae!
919 2219 932 2253 ι

425 2456 432 2469 ,
485 2409 533 2475 ⁸X.
558 2410 605 2460 lia
621 2414 784 2457 sentence.

209 2570 214 2580 ’
256 2574 382 2645 Posthree
391 2596 549 2661 supremam
562 2573 663 2657 promit
673 2574 808 2641 sententia
822 2573 924 2665 legem,
957 2622 959 2626 .

216 2662 255 2725 Se
287 2670 437 2741 entemque
447 2677 526 2717 reum
539 2655 629 2738 prime
638 2654 678 2714 sie
693 2672 760 2713 voce
773 2660 894 2716 notant:
940 2673 943 2681 ·

222 2766 238 2802 3
274 2745 370 2801 uverrt
383 2732 818 2818 eujuslusatisleminaverbis·
1017 2755 1072 2806 ³⁵0

217 2822 301 2902 Capta
313 2816 412 2895 semel,
422 2814 524 2877 similes
535 2813 622 2876 Adam
635 2813 766 2896 pertraxit
781 2813 810 2875 in
825 2836 918 2892 ausus,

216 2905 333 2983 Propter
340 2906 488 2979 utrumque
498 2898 590 2968 reus⁸,
604 2894 708 2977 pendes
722 2895 795 2978 quod
806 2895 872 2959 lecit
883 2907 1010 2981 uterque.

218 2980 276 3042 Nee
289 2979 337 3041 tihi
352 2978 465 3040 sublimi
479 2975 617 3039 constabit
629 2983 740 3057 pectore
754 2986 858 3054 vertex,

219 3059 321 3124 Callida
334 3059 383 3120 sed
395 3078 499 3141 pronus
512 3077 560 3140 per
572 3066 673 3118 terram
685 3077 798 3140 corpora
808 3058 912 3135 volves,

219 3141 311 3224 thue
321 3140 387 3222 lugu
398 3139 524 3225 trepirlot
537 3135 650 3201 sinuosa
660 3136 803 3199 volumina
813 3147 933 3214 currant,
1020 3155 1071 3201 333

160 3375 169 3413 t
182 3398 194 3423 ι
206 3377 262 3429 1113.
273 3393 285 3420 ι»
298 3372 391 3426 Adam.
651 3367 689 3415 ⁴«
706 3366 737 3417 Ut
759 3364 821 3429 luga
838 3361 937 3427 trepido
963 3360 1072 3422 sinuosa,

158 3445 171 3474 ²
186 3462 198 3487 ι
209 3439 290 3501 Fidei,
300 3454 314 3485 »
324 3435 461 3487 confrance.
619 3440 678 3492 ete,
688 3449 699 3474 »
711 3442 774 3492 pour
783 3440 842 3490 que,
854 3427 917 3476 dans
926 3432 952 3476 ta
963 3424 1034 3483 luite,
1046 3432 1074 3475 tu

159 3504 315 3566 ³«Pr0ptsr
334 3505 471 3559 utrumque
488 3508 585 3557 rens,»
618 3494 714 3543 traines
734 3504 767 3541 en
782 3489 922 3541 tremblant
944 3494 983 3540 tes
1003 3486 1076 3539 orbes

128 3556 506 3627 doublementeoupableainsi.
620 3556 739 3605 sinueux.
