<?xml version="1.0" encoding="UTF-8"?>
<!DOCTYPE html PUBLIC "-//W3C//DTD XHTML 1.0 Transitional//EN"
    "http://www.w3.org/TR/xhtml1/DTD/xhtml1-transitional.dtd">
<html xmlns="http://www.w3.org/1999/xhtml" xml:lang="en" lang="en">
 <head>
  <title>
</title>
<meta http-equiv="Content-Type" content="text/html;charset=utf-8" />
  <meta name='ocr-system' content='tesseract 3.04.00' />
  <meta name='ocr-capabilities' content='ocr_page ocr_carea ocr_par ocr_line ocrx_word'/>
</head>
<body>
  <div class='ocr_page' id='page_1' title='image "./carminaepoetisc01clgoog_0298.png"; bbox 0 0 2324 3960; ppageno 0'>
   <div class='ocr_carea' id='block_1_1' title="bbox 385 148 1082 249">
    <p class='ocr_par' dir='ltr' id='par_1_1' title="bbox 385 148 1082 249">
     <span class='ocr_line' id='line_1_1' title="bbox 385 148 1082 249; baseline -0.009 -17"><span class='ocrx_word' id='word_1_1' title='bbox 385 173 510 232; x_wconf 83' lang='lat' dir='ltr'>sroornr</span> <span class='ocrx_word' id='word_1_2' title='bbox 527 176 756 233; x_wconf 77' lang='lat' dir='ltr'>leonumlon-</span> <span class='ocrx_word' id='word_1_3' title='bbox 774 244 778 249; x_wconf 43' lang='grc'><strong>,</strong></span> <span class='ocrx_word' id='word_1_4' title='bbox 998 148 1046 228; x_wconf 78' lang='lat' dir='ltr'>arr</span> <span class='ocrx_word' id='word_1_5' title='bbox 1078 212 1082 219; x_wconf 95' lang='lat'><em>.</em></span> 
     </span>
    </p>
   </div>
   <div class='ocr_carea' id='block_1_2' title="bbox 191 282 714 454">
    <p class='ocr_par' dir='ltr' id='par_1_2' title="bbox 191 266 775 454">
     <span class='ocr_line' id='line_1_2' title="bbox 193 282 714 365; baseline 0 -21"><span class='ocrx_word' id='word_1_6' title='bbox 193 282 273 344; x_wconf 85' lang='lat' dir='ltr'>Nunc</span> <span class='ocrx_word' id='word_1_7' title='bbox 284 304 333 365; x_wconf 91' lang='lat' dir='ltr'>per</span> <span class='ocrx_word' id='word_1_8' title='bbox 345 283 469 344; x_wconf 90' lang='lat' dir='ltr'>undenas</span> <span class='ocrx_word' id='word_1_9' title='bbox 481 283 605 364; x_wconf 90' lang='lat' dir='ltr'>equitare</span> <span class='ocrx_word' id='word_1_10' title='bbox 617 287 714 345; x_wconf 83' lang='lat' dir='ltr'>suetus</span> 
     </span>
     <span class='ocr_line' id='line_1_3' title="bbox 191 362 694 454; baseline 0.002 -31"><span class='ocrx_word' id='word_1_11' title='bbox 191 363 317 444; x_wconf 74' lang='lat' dir='ltr'>Syllabas</span> <span class='ocrx_word' id='word_1_12' title='bbox 330 363 385 424; x_wconf 90' lang='lat' dir='ltr'>lusi</span> <span class='ocrx_word' id='word_1_13' title='bbox 400 362 492 437; x_wconf 83' lang='lat' dir='ltr'>eeler3</span> <span class='ocrx_word' id='word_1_14' title='bbox 509 373 590 454; x_wconf 82' lang='lat' dir='ltr'>atque</span> <span class='ocrx_word' id='word_1_15' title='bbox 605 369 694 424; x_wconf 88' lang='lat' dir='ltr'>metro</span> 
     </span>
    </p>
   </div>
   <div class='ocr_carea' id='block_1_3' title="bbox 191 442 748 584">
    <p class='ocr_par' dir='ltr' id='par_1_3' title="bbox 191 442 748 584">
     <span class='ocr_line' id='line_1_4' title="bbox 191 442 748 526; baseline 0 -23"><span class='ocrx_word' id='word_1_16' title='bbox 191 443 334 526; x_wconf 87' lang='lat' dir='ltr'>Sapphico</span> <span class='ocrx_word' id='word_1_17' title='bbox 348 445 446 504; x_wconf 83' lang='lat' dir='ltr'><strong>creber</strong></span> <span class='ocrx_word' id='word_1_18' title='bbox 459 442 558 516; x_wconf 90' lang='lat' dir='ltr'>eecmi,</span> <span class='ocrx_word' id='word_1_19' title='bbox 573 442 656 504; x_wconf 88' lang='lat' dir='ltr'>citato</span> <span class='ocrx_word' id='word_1_20' title='bbox 743 481 748 490; x_wconf 91' lang='lat'><strong>·</strong></span> 
     </span>
     <span class='ocr_line' id='line_1_5' title="bbox 268 521 571 584; baseline 0.007 -1"><span class='ocrx_word' id='word_1_21' title='bbox 268 521 358 584; x_wconf 87' lang='lat' dir='ltr'>Rarus</span> <span class='ocrx_word' id='word_1_22' title='bbox 371 521 473 584; x_wconf 86' lang='lat' dir='ltr'>iambo.</span> <span class='ocrx_word' id='word_1_23' title='bbox 570 562 571 565; x_wconf 60' lang='lat'><em>=</em></span> 
     </span>
    </p>
   </div>
   <div class='ocr_carea' id='block_1_4' title="bbox 163 675 753 978">
    <p class='ocr_par' dir='ltr' id='par_1_4' title="bbox 163 675 753 978">
     <span class='ocr_line' id='line_1_6' title="bbox 191 675 753 815; baseline 0.002 -79"><span class='ocrx_word' id='word_1_24' title='bbox 191 675 214 736; x_wconf 89' lang='lat' dir='ltr'>N</span> <span class='ocrx_word' id='word_1_25' title='bbox 217 697 248 738; x_wconf 91' lang='lat' dir='ltr'>ec</span> <span class='ocrx_word' id='word_1_26' title='bbox 262 676 399 739; x_wconf 86' lang='lat' dir='ltr'>recordari</span> <span class='ocrx_word' id='word_1_27' title='bbox 411 696 483 758; x_wconf 92' lang='lat' dir='ltr'>queo</span> <span class='ocrx_word' id='word_1_28' title='bbox 498 684 600 757; x_wconf 85' lang='lat' dir='ltr'>quanta</span> <span class='ocrx_word' id='word_1_29' title='bbox 613 675 753 815; x_wconf 90' lang='lat' dir='ltr'>quondam</span> 
     </span>
     <span class='ocr_line' id='line_1_7' title="bbox 163 755 704 838; baseline 0 -23"><span class='ocrx_word' id='word_1_30' title='bbox 163 826 166 832; x_wconf 25' lang='lat'><em>¹</em></span> <span class='ocrx_word' id='word_1_31' title='bbox 192 755 356 838; x_wconf 88' lang='lat' dir='ltr'>Scripserim</span> <span class='ocrx_word' id='word_1_32' title='bbox 368 757 458 838; x_wconf 93' lang='lat' dir='ltr'>primo</span> <span class='ocrx_word' id='word_1_33' title='bbox 469 756 580 837; x_wconf 86' lang='lat' dir='ltr'>juvenis</span> <span class='ocrx_word' id='word_1_34' title='bbox 592 776 624 817; x_wconf 88' lang='lat' dir='ltr'>ca</span> <span class='ocrx_word' id='word_1_35' title='bbox 636 776 683 817; x_wconf 91' lang='lat' dir='ltr'>ore</span> <span class='ocrx_word' id='word_1_36' title='bbox 698 777 704 814; x_wconf 92' lang='lat'>:</span> 
     </span>
     <span class='ocr_line' id='line_1_8' title="bbox 184 835 658 977; baseline 0 -81"><span class='ocrx_word' id='word_1_37' title='bbox 184 835 345 977; x_wconf 66' lang='lat' dir='ltr'>-Undepam</span> <span class='ocrx_word' id='word_1_38' title='bbox 357 837 445 917; x_wconf 86' lang='lat' dir='ltr'>major</span> <span class='ocrx_word' id='word_1_39' title='bbox 458 838 564 897; x_wconf 91' lang='lat' dir='ltr'>utinam</span> <span class='ocrx_word' id='word_1_40' title='bbox 576 835 658 898; x_wconf 83' lang='lat' dir='ltr'>taceri</span> 
     </span>
     <span class='ocr_line' id='line_1_9' title="bbox 295 915 497 978; baseline 0.005 -1"><span class='ocrx_word' id='word_1_41' title='bbox 295 916 363 978; x_wconf 88' lang='lat' dir='ltr'>ussit</span> <span class='ocrx_word' id='word_1_42' title='bbox 375 924 404 978; x_wconf 91' lang='lat' dir='ltr'>et</span> <span class='ocrx_word' id='word_1_43' title='bbox 415 915 478 977; x_wconf 83' lang='lat' dir='ltr'>abdi</span> <span class='ocrx_word' id='word_1_44' title='bbox 490 921 497 978; x_wconf 81' lang='lat' dir='ltr'>t</span> 
     </span>
    </p>
   </div>
   <div class='ocr_carea' id='block_1_5' title="bbox 191 1072 730 1399">
    <p class='ocr_par' dir='ltr' id='par_1_5' title="bbox 192 1072 680 1157">
     <span class='ocr_line' id='line_1_10' title="bbox 192 1072 680 1157; baseline 0.008 -24"><span class='ocrx_word' id='word_1_45' title='bbox 192 1072 262 1135; x_wconf 87' lang='lat' dir='ltr'>Nam</span> <span class='ocrx_word' id='word_1_46' title='bbox 276 1074 427 1137; x_wconf 84' lang='lat' dir='ltr'>senectutis</span> <span class='ocrx_word' id='word_1_47' title='bbox 441 1075 583 1157; x_wconf 84' lang='lat' dir='ltr'>propriore</span> <span class='ocrx_word' id='word_1_48' title='bbox 595 1078 680 1148; x_wconf 72' lang='lat' dir='ltr'>mett,</span> 
     </span>
    </p>

    <p class='ocr_par' dir='ltr' id='par_1_6' title="bbox 191 1152 730 1236">
     <span class='ocr_line' id='line_1_11' title="bbox 191 1152 730 1236; baseline 0.004 -23"><span class='ocrx_word' id='word_1_49' title='bbox 191 1152 328 1236; x_wconf 85' lang='lat' dir='ltr'>Quicquid</span> <span class='ocrx_word' id='word_1_50' title='bbox 343 1155 473 1215; x_wconf 80' lang='lat' dir='ltr'>extremis</span> <span class='ocrx_word' id='word_1_51' title='bbox 487 1153 626 1217; x_wconf 85' lang='lat' dir='ltr'>sociamur</span> <span class='ocrx_word' id='word_1_52' title='bbox 640 1154 730 1227; x_wconf 88' lang='lat' dir='ltr'>annis,</span> 
     </span>
    </p>

    <p class='ocr_par' dir='ltr' id='par_1_7' title="bbox 192 1232 695 1399">
     <span class='ocr_line' id='line_1_12' title="bbox 192 1232 695 1373; baseline 0.002 -80"><span class='ocrx_word' id='word_1_53' title='bbox 192 1232 259 1296; x_wconf 80' lang='lat' dir='ltr'>Pllrs</span> <span class='ocrx_word' id='word_1_54' title='bbox 271 1232 358 1373; x_wconf 67' lang='lat' dir='ltr'>pudet</span> <span class='ocrx_word' id='word_1_55' title='bbox 369 1234 391 1295; x_wconf 88' lang='lat' dir='ltr'>si</span> <span class='ocrx_word' id='word_1_56' title='bbox 402 1235 467 1325; x_wconf 71' lang='lat' dir='ltr'>quill</span> <span class='ocrx_word' id='word_1_57' title='bbox 480 1233 540 1325; x_wconf 79' lang='lat' dir='ltr'>leve</span> <span class='ocrx_word' id='word_1_58' title='bbox 551 1234 618 1307; x_wconf 86' lang='lat' dir='ltr'>lusit</span> <span class='ocrx_word' id='word_1_59' title='bbox 629 1242 695 1296; x_wconf 85' lang='lat' dir='ltr'>aetas</span> 
     </span>
     <span class='ocr_line' id='line_1_13' title="bbox 297 1333 515 1399; baseline -0.005 -24"><span class='ocrx_word' id='word_1_60' title='bbox 297 1333 352 1375; x_wconf 88' lang='lat' dir='ltr'>unc</span> <span class='ocrx_word' id='word_1_61' title='bbox 367 1333 515 1399; x_wconf 83' lang='lat' dir='ltr'>reminisci.</span> 
     </span>
    </p>
   </div>
   <div class='ocr_carea' id='block_1_6' title="bbox 76 1468 860 1783">
    <p class='ocr_par' dir='ltr' id='par_1_8' title="bbox 76 1468 860 1783">
     <span class='ocr_line' id='line_1_14' title="bbox 191 1468 854 1554; baseline 0.008 -24"><span class='ocrx_word' id='word_1_62' title='bbox 191 1468 271 1542; x_wconf 78' lang='lat' dir='ltr'>Quod</span> <span class='ocrx_word' id='word_1_63' title='bbox 283 1471 496 1552; x_wconf 87' lang='lat' dir='ltr'>perhorrescens</span> <span class='ocrx_word' id='word_1_64' title='bbox 507 1470 542 1532; x_wconf 92' lang='lat' dir='ltr'>ad</span> <span class='ocrx_word' id='word_1_65' title='bbox 553 1469 730 1554; x_wconf 88' lang='lat' dir='ltr'>epistolarum</span> <span class='ocrx_word' id='word_1_66' title='bbox 846 1523 854 1535; x_wconf 87' lang='lat'><strong>.</strong></span> 
     </span>
     <span class='ocr_line' id='line_1_15' title="bbox 76 1549 860 1630; baseline 0.001 -22"><span class='ocrx_word' id='word_1_67' title='bbox 76 1588 80 1593; x_wconf 89' lang='lat'><em>·</em></span> <span class='ocrx_word' id='word_1_68' title='bbox 191 1549 330 1611; x_wconf 85' lang='lat' dir='ltr'>Transtuli</span> <span class='ocrx_word' id='word_1_69' title='bbox 345 1551 451 1612; x_wconf 91' lang='lat' dir='ltr'>cultum</span> <span class='ocrx_word' id='word_1_70' title='bbox 464 1569 554 1630; x_wconf 82' lang='lat' dir='ltr'>genus</span> <span class='ocrx_word' id='word_1_71' title='bbox 565 1570 649 1612; x_wconf 91' lang='lat' dir='ltr'>omne</span> <span class='ocrx_word' id='word_1_72' title='bbox 663 1566 737 1611; x_wconf 67' lang='lat' dir='ltr'>curae</span> <span class='ocrx_word' id='word_1_73' title='bbox 753 1570 760 1608; x_wconf 73' lang='grc' dir='ltr'>ε</span> <span class='ocrx_word' id='word_1_74' title='bbox 858 1614 860 1618; x_wconf 61' lang='grc'><strong>,</strong></span> 
     </span>
     <span class='ocr_line' id='line_1_16' title="bbox 193 1627 672 1711; baseline 0.01 -23"><span class='ocrx_word' id='word_1_75' title='bbox 193 1627 308 1690; x_wconf 90' lang='lat' dir='ltr'>Nereus</span> <span class='ocrx_word' id='word_1_76' title='bbox 320 1639 402 1691; x_wconf 88' lang='lat' dir='ltr'>cantu</span> <span class='ocrx_word' id='word_1_77' title='bbox 417 1629 615 1711; x_wconf 82' lang='lat' dir='ltr'>petulantiore,</span> <span class='ocrx_word' id='word_1_78' title='bbox 667 1699 672 1708; x_wconf 52' lang='grc'>,</span> 
     </span>
     <span class='ocr_line' id='line_1_17' title="bbox 275 1709 513 1783; baseline 0.013 -15"><span class='ocrx_word' id='word_1_79' title='bbox 275 1709 336 1769; x_wconf 89' lang='lat' dir='ltr'>Sim</span> <span class='ocrx_word' id='word_1_80' title='bbox 351 1729 416 1772; x_wconf 90' lang='lat' dir='ltr'>reus</span> <span class='ocrx_word' id='word_1_81' title='bbox 431 1718 513 1783; x_wconf 88' lang='lat' dir='ltr'>actu;</span> 
     </span>
    </p>
   </div>
   <div class='ocr_carea' id='block_1_7' title="bbox 131 1865 804 2186">
    <p class='ocr_par' dir='ltr' id='par_1_9' title="bbox 131 1865 804 2108">
     <span class='ocr_line' id='line_1_18' title="bbox 131 1865 802 1952; baseline 0.006 -25"><span class='ocrx_word' id='word_1_82' title='bbox 131 1936 135 1944; x_wconf 31' lang='lat'>¹</span> <span class='ocrx_word' id='word_1_83' title='bbox 192 1865 253 1928; x_wconf 92' lang='lat' dir='ltr'>Neu</span> <span class='ocrx_word' id='word_1_84' title='bbox 267 1875 365 1951; x_wconf 87' lang='lat' dir='ltr'>puter¹</span> <span class='ocrx_word' id='word_1_85' title='bbox 378 1868 447 1931; x_wconf 90' lang='lat' dir='ltr'>solri</span> <span class='ocrx_word' id='word_1_86' title='bbox 461 1889 510 1952; x_wconf 92' lang='lat' dir='ltr'>per</span> <span class='ocrx_word' id='word_1_87' title='bbox 523 1889 632 1932; x_wconf 80' lang='lat' dir='ltr'>amoena</span> <span class='ocrx_word' id='word_1_88' title='bbox 643 1868 729 1947; x_wconf 85' lang='lat' dir='ltr'>dictu,</span> <span class='ocrx_word' id='word_1_89' title='bbox 788 1906 802 1931; x_wconf 81' lang='grc'><strong>.</strong></span> 
     </span>
     <span class='ocr_line' id='line_1_19' title="bbox 193 1947 804 2031; baseline 0 -23"><span class='ocrx_word' id='word_1_90' title='bbox 193 1947 312 2009; x_wconf 80' lang='lat' dir='ltr'>Schema</span> <span class='ocrx_word' id='word_1_91' title='bbox 324 1949 348 2010; x_wconf 94' lang='lat' dir='ltr'>si</span> <span class='ocrx_word' id='word_1_92' title='bbox 358 1949 461 2009; x_wconf 86' lang='lat' dir='ltr'>chartis</span> <span class='ocrx_word' id='word_1_93' title='bbox 473 1949 654 2031; x_wconf 79' lang='lat' dir='ltr'>phalerasque</span> <span class='ocrx_word' id='word_1_94' title='bbox 666 1949 784 2029; x_wconf 83' lang='lat' dir='ltr'>jungam</span> <span class='ocrx_word' id='word_1_95' title='bbox 795 1960 804 2018; x_wconf 70' lang='lat' dir='ltr'>t</span> 
     </span>
     <span class='ocr_line' id='line_1_20' title="bbox 193 2026 682 2108; baseline -0.004 -20"><span class='ocrx_word' id='word_1_96' title='bbox 193 2026 291 2089; x_wconf 80' lang='lat' dir='ltr'>Clerici</span> <span class='ocrx_word' id='word_1_97' title='bbox 303 2027 417 2108; x_wconf 88' lang='lat' dir='ltr'>nequid</span> <span class='ocrx_word' id='word_1_98' title='bbox 431 2027 550 2089; x_wconf 89' lang='lat' dir='ltr'>maculet</span> <span class='ocrx_word' id='word_1_99' title='bbox 561 2027 682 2107; x_wconf 84' lang='lat' dir='ltr'>rigorem</span> 
     </span>
    </p>

    <p class='ocr_par' dir='ltr' id='par_1_10' title="bbox 274 2106 472 2186">
     <span class='ocr_line' id='line_1_21' title="bbox 274 2106 472 2186; baseline -0.01 -19"><span class='ocrx_word' id='word_1_100' title='bbox 274 2106 360 2167; x_wconf 84' lang='lat' dir='ltr'>Fama</span> <span class='ocrx_word' id='word_1_101' title='bbox 372 2111 472 2186; x_wconf 83' lang='lat' dir='ltr'>poetee.</span> 
     </span>
    </p>
   </div>
   <div class='ocr_carea' id='block_1_8' title="bbox 195 2258 815 2567">
    <p class='ocr_par' dir='ltr' id='par_1_11' title="bbox 197 2258 815 2340">
     <span class='ocr_line' id='line_1_22' title="bbox 197 2258 815 2340; baseline -0.002 -20"><span class='ocrx_word' id='word_1_102' title='bbox 197 2261 323 2336; x_wconf 84' lang='lat' dir='ltr'>Denique</span> <span class='ocrx_word' id='word_1_103' title='bbox 339 2259 372 2320; x_wconf 91' lang='lat' dir='ltr'>ad</span> <span class='ocrx_word' id='word_1_104' title='bbox 385 2258 503 2340; x_wconf 88' lang='lat' dir='ltr'>quodvis</span> <span class='ocrx_word' id='word_1_105' title='bbox 515 2258 684 2340; x_wconf 77' lang='lat' dir='ltr'>epigramma</span> <span class='ocrx_word' id='word_1_106' title='bbox 700 2258 815 2339; x_wconf 88' lang='lat' dir='ltr'>posthac</span> 
     </span>
    </p>

    <p class='ocr_par' dir='ltr' id='par_1_12' title="bbox 195 2337 746 2420">
     <span class='ocr_line' id='line_1_23' title="bbox 195 2337 746 2420; baseline 0.005 -24"><span class='ocrx_word' id='word_1_107' title='bbox 195 2337 258 2398; x_wconf 90' lang='lat' dir='ltr'>Non</span> <span class='ocrx_word' id='word_1_108' title='bbox 272 2337 345 2398; x_wconf 88' lang='lat' dir='ltr'>ferar</span> <span class='ocrx_word' id='word_1_109' title='bbox 358 2355 473 2418; x_wconf 88' lang='lat' dir='ltr'>pronus,</span> <span class='ocrx_word' id='word_1_110' title='bbox 489 2346 643 2420; x_wconf 89' lang='lat' dir='ltr'>teneroque</span> <span class='ocrx_word' id='word_1_111' title='bbox 657 2346 746 2399; x_wconf 87' lang='lat' dir='ltr'>metro</span> 
     </span>
    </p>

    <p class='ocr_par' dir='ltr' id='par_1_13' title="bbox 195 2414 753 2567">
     <span class='ocr_line' id='line_1_24' title="bbox 195 2414 753 2500; baseline 0.004 -23"><span class='ocrx_word' id='word_1_112' title='bbox 195 2415 245 2478; x_wconf 88' lang='lat' dir='ltr'>Vel</span> <span class='ocrx_word' id='word_1_113' title='bbox 261 2417 349 2499; x_wconf 86' lang='lat' dir='ltr'>gravi,</span> <span class='ocrx_word' id='word_1_114' title='bbox 361 2417 471 2478; x_wconf 90' lang='lat' dir='ltr'>nullum</span> <span class='ocrx_word' id='word_1_115' title='bbox 486 2417 542 2479; x_wconf 90' lang='lat' dir='ltr'>cito</span> <span class='ocrx_word' id='word_1_116' title='bbox 557 2435 641 2500; x_wconf 76' lang='lat' dir='ltr'>cogar</span> <span class='ocrx_word' id='word_1_117' title='bbox 651 2414 753 2480; x_wconf 81' lang='lat' dir='ltr'>exhinc</span> 
     </span>
     <span class='ocr_line' id='line_1_25' title="bbox 277 2497 568 2567; baseline 0.007 -9"><span class='ocrx_word' id='word_1_118' title='bbox 277 2497 545 2567; x_wconf 73' lang='lat' dir='ltr'>Promerecarmen.</span> <span class='ocrx_word' id='word_1_119' title='bbox 567 2498 568 2502; x_wconf 71' lang='grc'>’</span> 
     </span>
    </p>
   </div>
   <div class='ocr_carea' id='block_1_9' title="bbox 195 2659 734 2961">
    <p class='ocr_par' dir='ltr' id='par_1_14' title="bbox 197 2659 661 2743">
     <span class='ocr_line' id='line_1_26' title="bbox 197 2659 661 2743; baseline 0.002 -23"><span class='ocrx_word' id='word_1_120' title='bbox 197 2659 410 2721; x_wconf 83' lang='lat' dir='ltr'>Persecutorum</span> <span class='ocrx_word' id='word_1_121' title='bbox 422 2659 476 2738; x_wconf 90' lang='lat' dir='ltr'>nisi</span> <span class='ocrx_word' id='word_1_122' title='bbox 490 2663 661 2743; x_wconf 74' lang='lat' dir='ltr'>questiones</span> 
     </span>
    </p>

    <p class='ocr_par' dir='ltr' id='par_1_15' title="bbox 196 2737 734 2824">
     <span class='ocr_line' id='line_1_27' title="bbox 196 2737 734 2824; baseline 0.002 -25"><span class='ocrx_word' id='word_1_123' title='bbox 196 2739 321 2801; x_wconf 82' lang='lat' dir='ltr'>Forsitan</span> <span class='ocrx_word' id='word_1_124' title='bbox 334 2739 436 2817; x_wconf 84' lang='lat' dir='ltr'>dicem,</span> <span class='ocrx_word' id='word_1_125' title='bbox 451 2741 620 2824; x_wconf 91' lang='lat' dir='ltr'>meritosque</span> <span class='ocrx_word' id='word_1_126' title='bbox 631 2737 734 2802; x_wconf 90' lang='lat' dir='ltr'>coelum</span> 
     </span>
    </p>

    <p class='ocr_par' dir='ltr' id='par_1_16' title="bbox 195 2818 657 2961">
     <span class='ocr_line' id='line_1_28' title="bbox 195 2818 657 2904; baseline 0.009 -26"><span class='ocrx_word' id='word_1_127' title='bbox 195 2818 326 2900; x_wconf 80' lang='lat' dir='ltr'>ltlartyras</span> <span class='ocrx_word' id='word_1_128' title='bbox 340 2820 437 2880; x_wconf 89' lang='lat' dir='ltr'>mortis</span> <span class='ocrx_word' id='word_1_129' title='bbox 449 2822 537 2902; x_wconf 93' lang='lat' dir='ltr'>pretio</span> <span class='ocrx_word' id='word_1_130' title='bbox 546 2825 657 2904; x_wconf 78' lang='lat' dir='ltr'>parasse</span> 
     </span>
     <span class='ocr_line' id='line_1_29' title="bbox 278 2897 482 2961; baseline 0.015 -3"><span class='ocrx_word' id='word_1_131' title='bbox 278 2897 396 2959; x_wconf 88' lang='lat' dir='ltr'>Praemia</span> <span class='ocrx_word' id='word_1_132' title='bbox 408 2899 482 2961; x_wconf 82' lang='lat' dir='ltr'>vitae.</span> 
     </span>
    </p>
   </div>
   <div class='ocr_carea' id='block_1_10' title="bbox 196 3038 794 3217">
    <p class='ocr_par' dir='ltr' id='par_1_17' title="bbox 196 3038 794 3217">
     <span class='ocr_line' id='line_1_30' title="bbox 196 3038 794 3148; baseline 0.01 -32"><span class='ocrx_word' id='word_1_133' title='bbox 196 3038 332 3148; x_wconf 85' lang='lat' dir='ltr'>Eqnihus</span> <span class='ocrx_word' id='word_1_134' title='bbox 346 3054 467 3137; x_wconf 86' lang='lat' dir='ltr'>primurn</span> <span class='ocrx_word' id='word_1_135' title='bbox 480 3057 549 3148; x_wconf 87' lang='lat' dir='ltr'>mihi</span> <span class='ocrx_word' id='word_1_136' title='bbox 563 3058 661 3140; x_wconf 87' lang='lat' dir='ltr'>psallat</span> <span class='ocrx_word' id='word_1_137' title='bbox 674 3059 794 3142; x_wconf 89' lang='lat' dir='ltr'>hymnus</span> 
     </span>
     <span class='ocr_line' id='line_1_31' title="bbox 198 3134 733 3217; baseline 0.004 -19"><span class='ocrx_word' id='word_1_138' title='bbox 198 3134 273 3206; x_wconf 63' lang='grc' dir='ltr'>Οιιι2</span> <span class='ocrx_word' id='word_1_139' title='bbox 288 3135 446 3197; x_wconf 84' lang='lat' dir='ltr'>Tolosatem</span> <span class='ocrx_word' id='word_1_140' title='bbox 461 3145 549 3199; x_wconf 88' lang='lat' dir='ltr'>terrnrt</span> <span class='ocrx_word' id='word_1_141' title='bbox 563 3137 733 3217; x_wconf 84' lang='lat' dir='ltr'>cathedram,</span> 
     </span>
    </p>
   </div>
   <div class='ocr_carea' id='block_1_11' title="bbox 102 3369 1059 3629">
    <p class='ocr_par' dir='ltr' id='par_1_18' title="bbox 102 3369 1059 3629">
     <span class='ocr_line' id='line_1_32' title="bbox 136 3369 1057 3443; baseline 0.004 -22"><span class='ocrx_word' id='word_1_142' title='bbox 136 3369 142 3402; x_wconf 83' lang='lat'><strong>¹</strong></span> <span class='ocrx_word' id='word_1_143' title='bbox 161 3373 239 3422; x_wconf 71' lang='lat' dir='ltr'>«Neu</span> <span class='ocrx_word' id='word_1_144' title='bbox 256 3380 408 3437; x_wconf 64' lang='lat' dir='ltr'>putemne,</span> <span class='ocrx_word' id='word_1_145' title='bbox 421 3393 433 3419; x_wconf 70' lang='lat' dir='ltr'>r</span> <span class='ocrx_word' id='word_1_146' title='bbox 446 3376 476 3425; x_wconf 88' lang='lat' dir='ltr'>de</span> <span class='ocrx_word' id='word_1_147' title='bbox 498 3388 561 3438; x_wconf 84' lang='lat' dir='ltr'>peur</span> <span class='ocrx_word' id='word_1_148' title='bbox 601 3387 657 3426; x_wconf 82' lang='lat' dir='ltr'>mes</span> <span class='ocrx_word' id='word_1_149' title='bbox 671 3378 813 3440; x_wconf 80' lang='lat' dir='ltr'>moeurs‚si</span> <span class='ocrx_word' id='word_1_150' title='bbox 826 3377 854 3443; x_wconf 85' lang='lat' dir='ltr'>je</span> <span class='ocrx_word' id='word_1_151' title='bbox 870 3376 979 3428; x_wconf 76' lang='lat' dir='ltr'>donnea</span> <span class='ocrx_word' id='word_1_152' title='bbox 996 3389 1057 3426; x_wconf 88' lang='lat' dir='ltr'>mou</span> 
     </span>
     <span class='ocr_line' id='line_1_33' title="bbox 102 3434 1056 3546; baseline 0.005 -65"><span class='ocrx_word' id='word_1_153' title='bbox 102 3444 150 3494; x_wconf 87' lang='lat' dir='ltr'>qne</span> <span class='ocrx_word' id='word_1_154' title='bbox 157 3434 207 3484; x_wconf 88' lang='lat' dir='ltr'>l&#39;on</span> <span class='ocrx_word' id='word_1_155' title='bbox 216 3449 248 3485; x_wconf 90' lang='lat' dir='ltr'>ne</span> <span class='ocrx_word' id='word_1_156' title='bbox 255 3449 331 3546; x_wconf 88' lang='lat' dir='ltr'>pense</span> <span class='ocrx_word' id='word_1_157' title='bbox 341 3450 391 3499; x_wconf 91' lang='lat' dir='ltr'>que</span> <span class='ocrx_word' id='word_1_158' title='bbox 401 3451 455 3487; x_wconf 91' lang='lat' dir='ltr'>mes</span> <span class='ocrx_word' id='word_1_159' title='bbox 463 3436 561 3501; x_wconf 83' lang='lat' dir='ltr'>paretes</span> <span class='ocrx_word' id='word_1_160' title='bbox 587 3438 666 3502; x_wconf 63' lang='lat' dir='ltr'>style</span> <span class='ocrx_word' id='word_1_161' title='bbox 683 3438 728 3490; x_wconf 83' lang='lat' dir='ltr'>des</span> <span class='ocrx_word' id='word_1_162' title='bbox 744 3447 891 3492; x_wconf 87' lang='lat' dir='ltr'>ornements</span> <span class='ocrx_word' id='word_1_163' title='bbox 907 3447 933 3491; x_wconf 90' lang='lat' dir='ltr'>et</span> <span class='ocrx_word' id='word_1_164' title='bbox 949 3439 993 3489; x_wconf 89' lang='lat' dir='ltr'>des</span> <span class='ocrx_word' id='word_1_165' title='bbox 1010 3451 1056 3501; x_wconf 90' lang='lat' dir='ltr'>pa-</span> 
     </span>
     <span class='ocr_line' id='line_1_34' title="bbox 102 3500 798 3571; baseline 0.01 -27"><span class='ocrx_word' id='word_1_166' title='bbox 102 3500 161 3564; x_wconf 76' lang='lat' dir='ltr'>sout</span> <span class='ocrx_word' id='word_1_167' title='bbox 180 3501 236 3559; x_wconf 91' lang='lat' dir='ltr'>trop</span> <span class='ocrx_word' id='word_1_168' title='bbox 301 3500 357 3548; x_wconf 79' lang='lat' dir='ltr'>eres</span> <span class='ocrx_word' id='word_1_169' title='bbox 379 3512 444 3571; x_wconf 89' lang='lat' dir='ltr'>pour</span> <span class='ocrx_word' id='word_1_170' title='bbox 465 3512 496 3549; x_wconf 91' lang='lat' dir='ltr'>ne</span> <span class='ocrx_word' id='word_1_171' title='bbox 516 3513 561 3563; x_wconf 84' lang='lat' dir='ltr'>pas</span> <span class='ocrx_word' id='word_1_172' title='bbox 600 3500 798 3551; x_wconf 77' lang='lat' dir='ltr'>rurestriroles.</span> 
     </span>
     <span class='ocr_line' id='line_1_35' title="bbox 104 3557 1059 3629; baseline 0.012 -27"><span class='ocrx_word' id='word_1_173' title='bbox 104 3567 175 3604; x_wconf 86' lang='lat' dir='ltr'>avoir</span> <span class='ocrx_word' id='word_1_174' title='bbox 187 3570 235 3608; x_wconf 87' lang='lat' dir='ltr'>une</span> <span class='ocrx_word' id='word_1_175' title='bbox 247 3557 287 3609; x_wconf 79' lang='lat' dir='ltr'>frte</span> <span class='ocrx_word' id='word_1_176' title='bbox 305 3573 365 3612; x_wconf 88' lang='lat' dir='ltr'>ense</span> <span class='ocrx_word' id='word_1_177' title='bbox 376 3561 503 3614; x_wconf 78' lang='lat' dir='ltr'>influente</span> <span class='ocrx_word' id='word_1_178' title='bbox 515 3575 560 3613; x_wconf 87' lang='lat' dir='ltr'>sur</span> <span class='ocrx_word' id='word_1_179' title='bbox 634 3562 671 3611; x_wconf 68' lang='grc' dir='ltr'><strong><em>ἰ</em></strong></span> <span class='ocrx_word' id='word_1_180' title='bbox 681 3563 741 3629; x_wconf 80' lang='lat' dir='ltr'>Qut,</span> <span class='ocrx_word' id='word_1_181' title='bbox 757 3570 806 3616; x_wconf 88' lang='lat' dir='ltr'>eto.</span> <span class='ocrx_word' id='word_1_182' title='bbox 820 3562 866 3614; x_wconf 75' lang='lat'>»11</span> <span class='ocrx_word' id='word_1_183' title='bbox 883 3563 958 3629; x_wconf 75' lang='lat' dir='ltr'>e&#39;agit</span> <span class='ocrx_word' id='word_1_184' title='bbox 974 3560 1008 3615; x_wconf 84' lang='lat' dir='ltr'>ici</span> <span class='ocrx_word' id='word_1_185' title='bbox 1026 3560 1059 3613; x_wconf 81' lang='lat' dir='ltr'>de</span> 
     </span>
    </p>
   </div>
   <div class='ocr_carea' id='block_1_12' title="bbox 923 3647 968 3707">
    <p class='ocr_par' dir='ltr' id='par_1_19' title="bbox 923 3647 968 3707">
     <span class='ocr_line' id='line_1_36' title="bbox 923 3647 968 3707; baseline 0.022 -1"><span class='ocrx_word' id='word_1_186' title='bbox 923 3647 968 3707; x_wconf 67' lang='lat' dir='ltr'>hh</span> 
     </span>
    </p>
   </div>
   <div class='ocr_carea' id='block_1_13' title="bbox 0 0 1169 3960">
    <p class='ocr_par' dir='ltr' id='par_1_20' title="bbox 0 0 1169 3960">
     <span class='ocr_line' id='line_1_37' title="bbox 0 0 1169 3960; baseline 0 0"><span class='ocrx_word' id='word_1_187' title='bbox 0 0 1169 3960; x_wconf 95' lang='lat' dir='ltr'> </span> 
     </span>
    </p>
   </div>
  </div>
 </body>
</html>
