2324 3960
439 153 661 216 rnn'onniann.
986 165 1041 244 aea

177 262 267 325 Orbus
281 283 352 347 equo
362 266 395 328 ot
407 286 506 348 praeeo,
519 267 627 348 cietque
641 264 675 327 ad
688 264 807 347 compita
820 281 888 325 voce
902 285 921 326 ε,
1015 281 1030 323 s

221 342 378 427 «Quisquis
390 346 476 408 habet
487 355 612 407 nostrum
624 345 739 407 reddere
752 351 838 406 certet
846 363 950 425 equum
962 365 970 422 5

176 422 314 503 Sindros,
325 432 400 488 tanta
415 427 511 497 faciam
523 430 765 498 rationeooaotus'‚
850 470 857 477 --
955 466 958 471 -

214 503 294 574 Quod
313 515 407 568 noster
415 506 508 573 Rornd
519 507 584 569 feeit
594 508 622 567 in
634 506 701 568 urbe
712 512 798 587 pater.
809 528 825 564 o

174 581 231 645 Res
241 595 334 647 movet
345 586 405 647 haee
415 607 522 656 ornnes,
538 595 566 648 et
578 606 681 658 eouurn
693 586 736 647 sor
746 585 812 646 sivit
825 583 913 665 abire,

214 661 287 724 Dum
302 687 351 727 sua
366 667 409 728 vel
426 667 520 749 popuii
536 667 635 728 damna
650 667 773 749 pavenda
787 665 877 726 timet.
997 680 1028 726 ιο

175 741 257 804 Hune
271 746 353 807 herus
364 756 395 808 ut
405 749 515 828 reperit,
530 746 641 830 gaudet,
659 747 817 827 potiturque
831 749 950 826 reperto,

180 860 184 867 ·
212 821 415 908 Gratanturque
429 827 468 887 iiii
479 831 540 908 quis
552 836 641 887 metus
655 837 718 886 ante
732 825 795 886 soit.

173 899 239 961 inde
250 918 348 988 rogant
361 907 427 979 ouid
440 928 510 988 equo
522 907 610 967 suerat
624 905 744 972 secturus
758 904 899 985 adempto,

211 981 260 1046 Vel
274 987 341 1068 quid
352 986 382 1046 in
393 986 467 1048 Urbe
481 992 568 1047 suus¹
585 988 672 1067 egerit
686 987 750 1046 ante
766 992 851 1067 pater.

124 1131 127 1137 ,
175 1060 296 1144 «Sellae,
314 1067 362 1138 ait,
378 1067 514 1148 adjunctis
529 1067 600 1127 coilo
614 1065 771 1128 revehendo
782 1065 882 1146 lupatis
890 1069 913 1140 ‘,
993 1082 1024 1128 15
1045 1081 1048 1085 ’

211 1139 419 1228 Saroinolisque
431 1146 502 1217 aliis,
518 1145 575 1208 ibat
585 1154 701 1207 onustas
713 1146 803 1227 inops.
997 1216 1000 1220 ⁴

170 1217 216 1292 Nil
228 1226 302 1307 quod
313 1234 419 1309 pungat
430 1225 547 1304 habens,
563 1226 678 1287 calcaria
692 1226 766 1287 ealce
780 1231 933 1306 reportans,

214 1306 289 1368 Olim
300 1327 395 1388 eques,
410 1306 474 1367 inde
483 1306 572 1366 redtt³
586 1306 620 1366 ad
632 1327 681 1366 sua
692 1311 763 1366 teota
775 1305 868 1386 pedes,

171 1386 252 1449 Hune
266 1385 388 1447 imitatus
398 1406 449 1469 ego
460 1386 590 1447 fecissem
605 1385 668 1446 talia
678 1386 775 1461 tristis,

208 1465 242 1528 Ni
257 1466 327 1528 soret
339 1466 392 1528 iste
403 1466 482 1540 mihi,
496 1465 588 1540 erede,
605 1473 730 1547 repertus
746 1484 847 1546 equus.
859 1486 874 1521 o
991 1482 1024 1525 ἰο

353 1689 413 1737 vn,
432 1691 480 1737 Arl
495 1689 639 1737 Multum
656 1688 860 1753 Episcopum.

169 1855 236 1925 Hoc,
251 1856 341 1917 Aiuife
352 1860 373 1930 ¹⁹,
393 1857 453 1933 tihi,
471 1858 576 1918 Praesul
587 1857 770 1928 sanctissime,
785 1856 864 1917 mitto

207 1935 396 1998 Theodotius⁶
412 1956 525 1998 carmen
538 1938 601 1998 exul
613 1937 647 1996 ab
662 1937 753 1998 exilio.
940 1934 945 1944 '

167 2014 271 2076 Nobilis
285 2025 313 2077 et
328 2016 449 2098 pulchra
462 2016 552 2075 suetas
564 2035 633 2095 puer
641 2014 743 2075 indolis
753 2015 831 2086 olim,

206 2095 287 2155 Nune
300 2098 342 2154 vir
353 2116 382 2154 es
394 2103 507 2154 ornatus
518 2093 670 2154 nobilitatis
685 2113 749 2174 ope.

166 2172 235 2246 Quae
248 2174 300 2234 tuit
312 2174 339 2232 in
352 2193 437 2252 puero
452 2171 548 2232 docilis
563 2172 670 2232 solertia
680 2192 775 2251 parvo,
1006 2187 1025 2234 δ’

206 2253 288 2313 Nune
299 2260 394 2311 manet
406 2251 434 2311 in
447 2271 562 2332 magno,
577 2250 660 2311 dante
674 2252 809 2328 Tonante,
820 2251 890 2312 viro.

168 2331 198 2391 Si
221 2351 253 2391 na
268 2351 336 2412 puer
348 2350 455 2412 magnae
470 2350 580 2412 semper
590 2330 696 2392 virtutis
707 2329 826 2392 habebas

235 2431 315 2490 agna,
327 2411 430 2471 doeens
442 2431 576 2492 magnum
588 2418 615 2471 te
627 2409 683 2472 t'ore
694 2419 767 2472 sorte
776 2411 878 2472 virum.

167 2489 215 2552 Sic
226 2500 282 2551 sata
292 2492 457 2573 promittunt
470 2490 595 2551 fecundae
606 2492 719 2574 praemia
731 2491 841 2570 messis,

205 2570 253 2633 Sie
266 2571 335 2633 tauri
351 2572 379 2632 in
389 2572 475 2633 vitulo
486 2571 576 2632 forma·
585 2580 660 2654 patet
673 2579 780 2634 tenero.
905 2568 908 2573 ’
942 2613 945 2617 -
984 2594 1015 2639 ιο

102 2802 109 2832 ¹
129 2818 143 2850 o
163 2802 236 2854 Suos.
260 2822 273 2849 a
294 2805 386 2870 Vorez,
397 2820 461 2870 page
473 2809 529 2868 258,
554 2813 619 2858 cette
636 2807 719 2859 lettre.
736 2807 757 2857 11
774 2807 844 2860 avait
861 2822 912 2860 une
924 2808 1019 2875 grande
1048 2798 1056 2813 ⁶

68 2869 164 2932 notet¹⁴
273 2929 278 2938 ¹
345 2929 350 2938 ¹
553 2871 696 2933 rdputation
710 2871 741 2920 de
754 2872 870 2923 saintete.

83 2924 112 2996 '¹
131 2927 441 2990 asellaeadjonetrscotlo
458 2930 530 2992 lupa·
585 2934 627 2976 *a
656 2933 847 2996 Theodulphus.
880 2935 1018 2988 »vaoenia

69 2993 111 3047 ns,
126 3006 137 3031 ι
162 2997 239 3051 ayant
252 2991 299 3038 nris
316 2991 338 3038 le
356 3004 424 3040 mors
436 3005 496 3040 aveo
508 2992 532 3041 la
554 2994 649 3043 d'avoir
660 2995 712 3057 pris
728 2998 811 3057 parta
824 2997 849 3046 la
858 2998 1017 3061 conjuration

69 3049 130 3099 selle
140 3053 529 3102 sarwardo-<1devehendo.»
554 3057 584 3104 de
600 3058 722 3113 Bernard,
745 3059 781 3107 roi
801 3058 912 3119 d'ltatie,
931 3068 1018 3111 oontre

68 3113 202 3176 Gerondif‚·
213 3128 245 3162 en
254 3113 290 3163 les
300 3121 457 3177 rapportant‚
468 3129 532 3178 pour
555 3118 629 3188 Lenis
641 3119 664 3167 le
676 3119 843 3189 Dononnaire,
854 3122 1018 3185 Theodulphe

67 3173 256 3309 ¹⁹t‘tdpddt
286 3258 297 3282 ,,
326 3240 438 3302 Sarapa
466 3253 531 3302 poa
554 3181 1018 3295 sedetsedettonsorato:

70 3300 207 3372 «redut»
300 3363 304 3373 ¹
471 3364 475 3373 Ι
553 3317 602 3366 que
611 3305 641 3353 de
650 3307 901 3372 Bourgesdgiutfeil
909 3313 1017 3388 proteste

100 3362 110 3393 ⁴
124 3381 137 3407 a
150 3364 242 3413 droise.
251 3380 265 3410 a
277 3364 376 3427 Algalse
386 3378 419 3414 ou
430 3365 450 3414 Α
469 3363 530 3414 ndse
554 3369 764 3431 energiquernent
778 3377 878 3420 eontre
901 3370 1018 3419 laeeusa·

67 3423 129 3475 etait
146 3426 242 3490 e'veque
262 3427 294 3476 de
314 3429 433 3492 BourgeS,
451 3377 468 3475 ἕ
483 3427 530 3498 t'd-
553 3430 606 3478 tion
618 3432 662 3493 qui
699 3433 738 3480 ese
758 3445 802 3481 sur
818 3432 864 3482 lui.
879 3457 910 3469 -
931 3431 1016 3481 «Car-

67 3498 149 3555 poque
160 3491 193 3540 od
209 3489 373 3554 Theodulphe
390 3489 425 3540 lui
441 3489 534 3540 tonavit·
554 3499 623 3543 rnen.
637 3512 648 3537 a
685 3506 755 3556 orez,
767 3506 831 3559 page
843 3495 900 3553 258,
910 3499 968 3544 note
985 3500 1016 3555 t.]

857 3641 921 3701 ni.
