2324 3960
185 172 232 220 358
596 168 721 220 aucum.

285 272 363 333 Alter
371 272 406 333 ab
421 272 569 333 undecimo
581 289 589 318 ¹
603 291 715 333 rursum
730 280 758 333 le
771 270 884 333 sustulit
895 289 997 332 annus.

326 352 387 415 Heu
397 352 518 433 genitrix
531 350 641 432 Regum
651 353 658 411 !
670 350 726 413 heu
740 351 825 413 decus
835 359 918 433 alque
932 349 1029 413 dolor!

286 434 325 495 Te
336 433 467 497 Francus,
481 432 600 503 Saevus,
613 431 768 494 Germanus
779 431 874 512 etipse
883 429 1048 501 Britannus,
1095 440 1141 486 lm

329 512 454 593 Cumque
463 511 539 574 Getis
550 511 626 573 duris
635 510 742 593 plangit
752 510 827 571 lbera
839 510 949 572 cohors.

289 592 389 653 Accola
406 602 432 653 le
446 592 561 673 Ligeris,
576 600 603 652 le
615 591 699 653 deflet
709 599 739 652 el
748 590 813 651 llala
825 590 919 665 lellus,

329 676 447 754 Ipsaque
457 680 547 732 morte
559 676 626 732 lua²
636 671 715 732 anxia
728 670 816 732 Roma
830 671 926 751 gemit.

290 751 398 813 llmisti
412 753 445 813 ad
459 751 541 811 llelus
554 760 582 811 et
594 751 674 812 fortia
686 750 767 811 eorda
780 751 920 829 vimrum;

330 831 373 892 En
387 832 512 914 lacrymae
524 832 634 913 clypeos
646 831 716 891 inter
727 838 755 891 et
766 850 841 890 arma
855 829 967 890 cadunt.
1096 844 1142 890 115

292 913 353 973 Heu
365 914 501 992 quanlirm
513 912 622 994 sapiens
631 918 660 972 el
670 910 784 971 firmum
797 910 894 970 robure
908 927 1022 991 semper

331 991 429 1052 Ussisli
443 991 563 1053 flammis
577 998 675 1072 paclus
688 989 776 1052 herile
788 989 853 1050 riri!

293 1072 408 1133 Solatur
418 1080 534 1133 cunctos
547 1090 611 1161 spes
620 1069 692 1143 haec,
703 1069 752 1131 sed
764 1076 848 1141 certa,
862 1065 1003 1139 dolentes,

332 1151 386 1213 Pro
400 1151 492 1234 dignis
506 1150 583 1211 lacus
595 1150 670 1232 qurld
685 1170 761 1211 sacra
774 1168 859 1231 regna
872 1156 962 1209 tenes.

695 1365 745 1427 XI.

298 1524 468 1608 Hildegard⁸
482 1524 671 1609 rapuitsubilll
682 1532 711 1586 te.
720 1523 804 1585 funus
817 1520 960 1599 acerbum,
1105 1536 1152 1582 rao

338 1603 398 1668 Ceu
411 1613 499 1687 raptat
508 1607 607 1667 loreas
617 1624 682 1667 rere
694 1604 805 1686 ligustra
820 1622 903 1664 novo.

298 1682 423 1763 Explevil
438 1684 558 1746 necdum
571 1685 636 1745 vilae
650 1683 700 1745 tihi
714 1684 834 1744 circulus
847 1701 963 1759 armum,

347 1767 446 1825 Annua
456 1784 507 1824 nec
517 1764 594 1824 venit
608 1762 653 1829 lux
666 1762 893 1844 geminata.libi.·

301 1844 428 1915 Parvula,
442 1862 500 1903 non
513 1862 627 1924 parvum
642 1842 756 1923 linquis,
769 1840 940 1922 virguncula,
952 1840 1075 1914 lunulam,

341 1923 508 1989 confodiens
520 1921 611 2004 jaculo
625 1922 701 2004 regia
715 1920 797 1983 eorda
811 1921 904 2003 patris.
1109 1938 1154 1983 rau

304 2006 398 2071 lllatris
411 2003 517 2065 hahens
530 2022 645 2075 nomen,
659 2022 774 2064 renovas
786 2002 820 2063 de
835 2010 924 2063 merle
940 1996 1079 2075 dolorem,

343 2089 494 2166 Postquam
506 2084 597 2145 vixisti
610 2083 655 2144 ria
667 2082 866 2165 quadragintal
879 2081 948 2142 alies,

303 2174 417 2239 Pectore
429 2184 481 2225 nos
492 2171 593 2226 moeslo
604 2164 785 2246 lacrymarum
799 2160 940 2223 fundimus
951 2179 1050 2231 amus
1057 2181 1068 2241 ;

343 2250 385 2311 Tu
399 2244 521 2307 nimirim
535 2242 600 2306 felix
613 2243 712 2326 gaudia
725 2242 809 2325 longa
819 2240 900 2325 petis.
922 2248 927 2253 '

705 2455 768 2516 ΧΗ.

308 2620 367 2681 Hoc
377 2614 512 2678 tumulata
521 2614 595 2694 jacet
605 2611 704 2693 pusilla
717 2610 837 2691 puellula
849 2611 941 2687 buslo,
1114 2636 1124 2678 ι
1153 2644 1157 2671 ι

350 2694 455 2757 Adeled
466 2711 547 2753 amne
556 2710 634 2751 sacro
647 2710 710 2771 quae
723 2690 841 2751 vocitata
854 2690 916 2753 fuit.

310 2776 380 2838 lluiu
393 2780 467 2835 salar
478 2778 520 2833 est
529 2768 658 2846 llarolus,
668 2768 782 2851 gemino
793 2768 947 2835 diademata
960 2771 1083 2856 pollens,

246 3104 255 3134 ¹
271 3121 283 3146 a
297 3098 370 3151 Alter
391 3094 424 3144 ab
448 3092 592 3149 undecimo.
603 3097 651 3141 etc.
666 3112 677 3135 ι
742 3093 753 3121 ³
766 3090 812 3141 Les
823 3092 889 3141 deux
900 3091 1029 3154 epitaphes
1040 3094 1160 3145 suivante

216 3166 238 3217 ll
258 3178 275 3229 y
293 3158 362 3213 avait
379 3154 460 3206 douae
481 3168 526 3204 ans
548 3154 679 3223 qu'llilde·
710 3153 969 3224 sontcellesdesdeux
980 3152 1044 3204 lilles
1052 3154 1148 3206 decha

216 3227 296 3295 garde
315 3221 377 3273 erait
393 3216 504 3283 l’epouse
528 3216 558 3266 de
574 3217 679 3266 charle-
711 3217 828 3278 lemagne
850 3224 876 3288 et
887 3214 1068 3288 d'llrldagarde
1082 3231 1090 3267 r
1103 3218 1159 3269 l'un

216 3280 678 3398 mllllllllllllllllmn.
711 3277 1159 3395 aallzlllllllallmlm

217 3414 303 3479 Voyea
317 3423 346 3461 ce
357 3418 407 3472 que
421 3417 484 3455 nous
493 3414 587 3452 venons
598 3402 629 3453 de
645 3402 682 3452 dl·
742 3401 777 3445 *ιι
808 3402 990 3512 quadraginta.
1025 3421 1036 3447 υ
1079 3403 1154 3454 ΑΙοιιί

220 3490 247 3527 ra
268 3476 284 3524 a
304 3485 332 3523 ce
353 3470 420 3532 sujet
441 3466 508 3517 deux
534 3470 605 3515 notes
623 3464 681 3528 plus
711 3462 800 3527 abrega
831 3477 857 3513 es
878 3464 944 3514 deux
961 3464 1100 3528 premieres
1123 3478 1162 3530 sy

223 3539 295 3588 haut.
711 3526 778 3575 labes
799 3523 830 3575 de
850 3538 877 3576 ce
896 3532 957 3577 mot.
