2324 3960
380 204 496 255 ranila
511 202 550 252 LE
566 194 733 251 PENlTENT.
986 200 1033 246 263

184 307 290 369 Privata
306 328 370 370 curn
382 314 456 369 sorte
469 304 551 387 patris
566 303 709 365 de'funere
723 301 819 363 lunctr.

182 387 283 450 Ultima
298 406 417 468 namque
428 386 487 466 ejus
499 384 585 445 linitae
598 394 720 462 tempora
730 382 793 441 viru
904 431 909 439 .
984 397 1031 442 tto

182 466 362 550 Temporibus
375 476 461 548 ruptae
473 465 548 546 pacis
558 483 643 548 prope
655 464 748 542 juncta
764 462 850 522 l'uere.

181 549 218 609 At
229 549 298 610 mihi
313 548 414 608 damna
428 546 539 618 domus,
551 543 729 624 populantem
741 540 815 602 illata
829 559 877 623 per
890 541 1010 613 hostem,

182 626 279 689 Perse
296 628 395 708 magna
408 626 482 696 licet,
497 624 584 683 multo
601 623 699 683 leviora
711 622 797 691 luere,

183 706 310 769 Delnnoti
321 708 404 783 patris
419 704 569 766 immodico
579 702 675 763 collata
690 701 787 773 dolori,

184 786 236 848 Per
250 808 333 869 quem
347 808 409 848 cara
423 783 492 846 mihi
504 792 532 845 et
544 781 629 864 petria
641 790 667 843 et
676 781 776 842 domus
790 782 850 863 ipsa
860 780 959 844 fiebat¹
971 800 993 855 ;r
1004 801 1033 846 15

181 866 307 958 ¹Tamque
318 868 421 931 etenim
431 864 486 926 lldo
500 864 638 925 tradentes
650 861 835 923 rnutuanob'is

184 947 282 1010 Ollium
293 946 404 1019 allecto,
421 950 549 1006 conserto
560 942 679 1003 viximus
694 962 765 1017 uero,

184 1027 311 1088 Vinceret
324 1045 459 1107 aequaevos
469 1032 561 1084 nostru
574 1030 606 1082 ut
618 1021 764 1083 concordia
779 1022 892 1083 amicos.

185 1107 243 1169 Hoc
257 1107 341 1188 igitur
354 1106 423 1166 mihi
438 1104 585 1173 subtracto,
600 1103 672 1163 inter
688 1101 774 1182 prima
786 1102 907 1181 juventae

184 1184 330 1269 Tempora,
344 1196 400 1247 torn
410 1204 473 1245 caro
486 1183 562 1244 socio
576 1190 605 1243 et
616 1184 753 1242 monitore
765 1180 851 1251 lldeli,
988 1190 1037 1237 120

186 1266 260 1327 lllico
274 1285 319 1326 me
329 1265 457 1325 indocilis
470 1263 559 1324 fratris
572 1262 707 1323 discordia
721 1259 818 1319 acerbe

185 1346 308 1427 Excepit,
319 1344 443 1405 ualidum
456 1342 588 1424 genitoris
600 1347 797 1401 testamentum·

186 1424 300 1486 Solvere
314 1424 449 1492 conantis,
461 1422 607 1504 specialia²
622 1418 766 1479 ronrmoda
782 1420 877 1480 matris

187 1505 368 1587 lmpugnondi
382 1504 486 1575 animo,
499 1500 578 1581 eujus
591 1500 661 1560 milri
675 1517 740 1559 eura
756 1499 866 1559 tuendae

185 1583 243 1645 lloc
257 1604 367 1667 quoque
381 1583 469 1664 major
479 1590 547 1654 erat,
559 1601 614 1662 quo
639 1579 725 1640 ustior
734 1598 741 1639 ε
751 1586 779 1641 et
790 1572 899 1661 pietatis
989 1596 1037 1646 125

187 1663 247 1725 Non
258 1665 349 1724 minor
362 1662 476 1724 allectus
489 1660 612 1722 studium
632 1659 747 1720 innabat
756 1660 916 1723 honestum.

186 1743 301 1824 lnsuper
314 1744 433 1805 adversis
448 1762 493 1803 me
508 1740 633 1823 pluribus
642 1740 848 1820 exagitandum,

186 1822 267 1883 laeva
279 1822 440 1884 facultatum
450 1840 631 1904 prorumpens
645 1820 716 1880 lama
729 1821 869 1881 meorum⁸

185 1900 331 2045 {Exposuit
343 1902 456 1963 blandas
469 1903 630 1965 intervenere
641 1898 798 1959 ambitionis
1035 1944 1040 1953 .

198 1981 340 2054 llecehras,
353 1980 480 2061 gravibus
495 1979 640 2059 conjuncta
650 1987 677 2038 et
689 1976 807 2038 damna'·
821 1976 940 2059 periclis.
988 1994 1039 2053 rao

186 2058 255 2130 Qum
270 2062 431 2121 meminisse
443 2060 507 2118 licet
520 2061 622 2139 pigeat,
634 2064 826 2136 transactaque
837 2056 943 2129 dudunt

186 2140 328 2199 Oblivione
341 2144 391 2198 sua
405 2137 516 2195 mallem
528 2135 616 2213 sopita
628 2133 726 2204 silere;

187 2217 307 2277 lnvitant
319 2216 430 2275 adversa
439 2224 532 2273 tamen
547 2232 596 2291 per
607 2218 699 2271 nostra
710 2218 824 2273 tuorum

188 2292 305 2373 Cognita
318 2293 456 2354 donorum
470 2290 575 2361 solatia,
587 2289 706 2361 Christo,
719 2289 856 2352 honorum
867 2295 889 2363 ⁸,

188 2372 316 2433 Emensis
328 2371 437 2453 indepta
452 2370 532 2431 malis
544 2382 591 2431 tua
606 2388 721 2431 munera
734 2368 818 2433 fando
990 2372 1040 2435 aad
1092 2404 1096 2411 ·

189 2450 318 2525 Prodere,
331 2460 358 2515 et
371 2452 399 2513 in
414 2452 504 2514 lucem
516 2449 639 2533 prolerre
652 2449 794 2513 recondita
807 2450 900 2517 corde.

428 2627 462 2674 V.
477 2626 610 2674 lletlons
625 2626 667 2675 de
682 2628 807 2688 graeei.

410 2753 486 2838 Opus
496 2755 551 2816 hoc
564 2753 613 2817 abs
626 2761 666 2833 te,
678 2752 764 2829 Deus,
777 2774 868 2829 orsus,

128 2948 136 2978 ¹
155 2946 271 2996 «Flebat.
286 2964 298 2988 ι
316 2945 355 2993 On
377 2943 425 2993 sait
444 2956 493 3007 que
515 2942 552 2992 les
585 2943 665 2993 tenuit
685 2956 717 2992 en
737 2942 826 2995 favour
845 2942 875 2993 de
894 2956 938 2993 mo
987 2947 1040 3001 ere.

96 3010 181 3072 poetes
189 3008 224 3056 du
234 3007 308 3055 siecle
319 3006 457 3067 d’nuguste
469 3005 551 3054 allon·
619 3007 630 3035 ⁵
655 3024 667 3049 a
697 3006 769 3056 Laevo
798 3002 947 3057 laenltatum
985 3002 1044 3075 arpa

96 3072 196 3134 geaient
208 3068 232 3117 la
241 3068 366 3131 premiere
377 3065 472 3175 spllobe
485 3066 515 3114 de
525 3080 553 3115 ce
586 3080 715 3129 mearum,
727 3069 770 3119 »le
780 3069 841 3119 fatal
849 3080 937 3119 repom
948 3068 978 3118 de
988 3072 1043 3119 mes·

97 3141 168 3193 mot,
183 3131 281 3191 mulgeo
302 3132 326 3178 la
347 3132 416 3191 rego
436 3128 554 3190 generale
589 3129 719 3177 richesses.
884 3130 889 3139 “

96 3197 141 3257 qui
155 3199 213 3243 veut
225 3205 275 3254 qrre
287 3198 357 3241 truite
368 3190 464 3252 uoyelle
475 3191 554 3238 suivic
621 3191 632 3220 ⁴
655 3208 666 3232 ι
691 3190 830 3253 Coniuncto
852 3194 945 3241 alarona
968 3212 980 3235 υ
1005 3204 1043 3243 est

94 3258 170 3306 d'une
189 3263 260 3304 autre
278 3254 375 3316 repelle
393 3253 441 3301 soit
467 3253 553 3301 breve.
590 3264 680 3300 encore
691 3254 742 3315 n'gi
754 3268 822 3325 para
838 3255 933 3303 inter.»

94 3318 177 3381 Voyez
186 3330 232 3366 nos
241 3317 433 3366 olueruatiousa
442 3328 470 3364 ee
480 3318 556 3378 supet,
623 3314 634 3343 ¹⁵
645 3314 802 3363 Constrorsea
813 3335 819 3363 ι
831 3336 841 3359 a
852 3316 947 3363 Tauron
957 3314 1045 3367 solatia

102 3393 178 3444 peges
189 3381 236 3428 249
248 3386 274 3427 et
286 3382 340 3435 uno,
353 3387 413 3426 note
427 3380 451 3426 6.
591 3380 695 3423 tuorum
721 3376 845 3426 honorum
873 3376 973 3437 cognita
1000 3389 1062 3438 per·

130 3442 142 3470 ²
155 3463 166 3487 ι
177 3442 299 3504 specialia
309 3440 441 3489 commoda
458 3439 556 3495 matris,
592 3436 696 3485 nrlrersa
708 3446 794 3487 nostru
806 3438 915 3487 inuitant
923 3438 1044 3500 (sorrsen-

101 3508 160 3560 ete,
172 3517 252 3552 »aure
265 3503 406 3552 l'intention
418 3502 558 3564 d'attnquer
592 3498 669 3557 tendu
685 3518 696 3543 a
709 3514 750 3549 nro
762 3504 784 3561 r)
798 3500 902 3563 prodere
915 3498 990 3555 laudo
1003 3505 1047 3555 tuo

98 3560 416 3635 lesclausespurticulieres
425 3564 486 3627 qrr'il
499 3578 557 3615 eon
592 3574 710 3623 nrunere,
722 3568 783 3615 etr-n·

550 3744 565 3785 ῑῑ
