2324 3960
340 156 433 207 SAINT
449 155 588 208 PROSPER
604 153 811 215 [recurratur.
998 151 1044 200 233

89 240 95 255 ”
189 252 256 312 Tam
271 250 346 314 bono
357 271 498 334 quemque
510 252 612 315 docent
626 249 723 341 sectari
741 266 821 341 posse
831 254 929 338 suopte
1008 261 1042 306 oo

190 332 315 431 Ingenio,
329 335 413 415 quarn
427 351 507 416 posse
521 332 615 395 subest
627 349 729 414 curque
742 349 772 391 rn
784 328 856 391 maia
867 327 943 389 ierrr.

229 493 308 563 Quod
320 494 368 576 qui
379 494 537 568 confirmas,
551 498 664 586 quinam
679 490 793 554 distabis
804 488 838 550 ab
850 486 914 560 illis,

193 574 246 647 Qui
259 575 358 638 dicunt
374 575 450 636 nullo
465 582 568 657 peccati
580 575 694 636 vulnere
708 572 805 634 iesum

190 654 318 717 Naturale
330 654 448 728 bonum,
463 675 582 738 cumque
595 654 641 715 ilio
653 653 759 715 lumine
771 650 847 712 nasci

190 735 271 796 Nunc
282 755 379 797 omnes
388 734 526 806 homines,
537 734 610 816 quod
619 732 715 817 primis
724 734 915 814 ingeneratum
929 727 990 789 est‘t
1008 740 1041 785 ou

190 816 234 876 An
245 817 310 888 rerd
323 816 445 897 excerpis
458 815 596 897 quaedum,
610 835 682 896 quar,
698 822 773 896 parte
787 811 874 874 recisa
885 815 907 888 ¹,

153 944 158 955 .
190 895 342 977 SuscipiaS,
357 896 502 977 cordisque
516 894 579 956 sinu
591 902 705 977 purgata
717 892 869 955 recondas?

190 974 240 1036 Dio
252 975 336 1057 igitur
346 976 478 1057 quidnam
491 975 556 1036 inde
569 974 677 1057 probes
692 972 758 1056 quid
771 975 837 1034 vord
851 968 964 1040 refutes,

192 1055 226 1117 Et
237 1054 271 1116 de
283 1055 420 1116 damnatis
432 1055 498 1137 quid
509 1055 556 1128 sit,
567 1054 641 1136 quod
653 1054 768 1116 crimine
779 1051 886 1115 solvas?

192 1136 234 1195 An
246 1134 369 1196 dextram
382 1136 456 1217 pacis
468 1133 580 1218 palam²
592 1135 656 1197 dare
669 1142 697 1196 te
709 1134 793 1218 pudet
805 1131 896 1193 hosti?
994 1143 1046 1190 too

192 1213 250 1276 Nec
262 1224 352 1276 tutum
363 1225 406 1275 est
418 1215 480 1277 utta·
486 1215 579 1297 pulsos
591 1235 625 1276 ex
636 1222 713 1297 parto
728 1213 798 1275 tueri

192 1293 360 1377 Simpliciter
370 1297 401 1355 ³?
412 1295 487 1365 Quos
499 1314 556 1356 non
567 1294 677 1356 dubitas
689 1293 833 1355 excludere
847 1291 961 1374 templo,

193 1374 268 1436 Pelio
282 1374 387 1437 animo.
402 1377 479 1436 Nova
493 1384 520 1436 te
532 1375 667 1436 discordia
680 1373 776 1434 dividit
788 1371 836 1432 abs
850 1378 895 1432 te:

192 1453 378 1527 decoctores,
391 1455 466 1537 quod
480 1455 509 1514 in
521 1474 569 1514 ore
581 1453 683 1533 premis
697 1478 703 1514 :
718 1453 820 1534 conjun
841 1458 907 1512 ere'·
921 1451 1018 1515 amicis

193 1533 341 1607 Mentibus,
355 1545 383 1595 et
396 1546 487 1595 tecum
501 1532 607 1613 cupidis
621 1552 786 1615 componere
799 1538 809 1571 Β
822 1472 913 1595 doedus
996 1550 1042 1593 tou

193 1613 266 1696 Lege
279 1620 327 1677 tua
339 1638 345 1674 ε
357 1615 416 1696 jam
427 1634 507 1697 parce
520 1613 614 1688 miniS,
628 1622 656 1676 et
666 1633 787 1697 congrue
801 1613 897 1696 pactis.

341 1805 380 1853 ΙΙ.
397 1804 444 1852 ια
459 1808 558 1867 praee
574 1809 606 1852 et
621 1805 653 1853 le
664 1789 752 1852 ¹libre
768 1803 902 1852 arbitro.

232 1943 362 2006 Inviolata
372 1944 426 2011 Dei
437 1945 578 2025 quondam
590 1952 617 2005 et
627 1944 752 2006 sublimis
764 1947 858 2025 imago

193 2023 223 2084 ln
240 2027 328 2106 primo
342 2025 435 2085 cuncti
446 2024 550 2083 fuimus
562 2032 647 2103 patre,
662 2024 729 2084 dum
741 2043 854 2085 nemore
866 2024 939 2083 almo

196 2105 288 2185 liegit
303 2113 331 2164 et
344 2103 435 2163 edicto
450 2121 549 2183 parens
563 2109 642 2161 cavet
655 2101 751 2161 arbore
764 2103 797 2162 ab
811 2108 879 2162 und.

195 2184 230 2243 nt
245 2183 485 2262 postquamruptt
508 2178 667 2247 mandatile
688 2182 867 2259 esuperbum
912 2188 918 2197 “
1001 2194 1049 2240 tto

194 2260 348 2322 Consilium
364 2257 482 2316 mixtum
495 2254 605 2315 inridiae
615 2256 650 2317 de
662 2200 738 2317 doute
752 2261 864 2339 recepit,

194 2337 314 2406 Corruit,
329 2343 356 2396 et
370 2335 461 2395 cuncti
474 2333 558 2395 simul
572 2333 601 2394 in
614 2337 739 2416 genitore
754 2337 868 2400 cadente

195 2417 355 2479 Corruimos
366 2436 373 2488 ;
386 2412 547 2475 transcurrit
560 2414 635 2475 enim
647 2420 657 2453 ⁶
671 2415 759 2478 virosa
774 2437 822 2501 per
836 2437 933 2481 omnes

196 2495 303 2559 Peccati
315 2495 443 2571 ebrietas,
456 2493 577 2577 corrupti
589 2503 617 2558 et
630 2496 721 2559 cordis
735 2496 763 2559 in
777 2498 838 2562 alvo

135 2732 141 2760 ¹
160 2749 171 2774 a
183 2730 258 2778 Parte
271 2727 360 2777 reciso.
374 2745 385 2770 υ
406 2726 442 2775 De
454 2724 480 2774 la
490 2724 561 2776 vient
592 2726 660 2776 Voici
671 2740 707 2778 un
717 2729 810 2780 extruit
821 2731 855 2783 du
865 2731 927 2783 liure
939 2736 969 2786 de
981 2740 1047 2791 saint

100 2793 178 2854 qu'on
189 2791 245 2839 leur
256 2790 362 2840 adonno
372 2789 396 2839 le
406 2802 467 2838 nom
478 2788 510 2837 de
519 2780 562 2838 Se·
592 2790 705 2853 Prosper,
717 2792 834 2844 intitule:
847 2798 975 2848 Adversus
991 2803 1046 2852 Col-

102 2853 211 2903 mi-Ptla
230 2852 295 2900 iens.
337 2912 342 2921 Ι
590 2851 759 2917 caeremon
772 2863 832 2918 peut
848 2859 928 2908 servir
939 2861 969 2912 de
981 2878 1047 2915 com·

133 2916 145 2944 ²
162 2866 281 2983 «Pedem.
294 2930 305 2955 r
318 2913 344 2959 Sr
354 2912 561 2975 cechangement
589 2915 715 2965 mentairc
734 2918 749 2964 e
767 2931 794 2967 ce
811 2932 931 2985 passage:
953 2927 1047 2977 «Libe.

103 2976 134 3024 de
149 2975 263 3037 quantrte
276 2984 308 3022 ne
320 2973 384 3034 plait
392 2986 445 3034 pas,
456 2987 489 3022 on
501 2982 562 3036 peut
589 2988 648 3025 rum
691 2979 827 3029 arbitrium
863 2983 914 3046 (ex
963 2998 1047 3041 emmo

104 3037 149 3086 lire
166 3047 327 3106 «pacemque
345 3034 453 3096 palam»
467 3036 560 3086 aulieu
587 3037 761 3101 Adamihibit
788 3043 904 3094 omnium
926 3050 1045 3102 vitiorum

107 3100 164 3148 de«
184 3097 373 3159 iamlam»
589 3113 737 3161 venenum,
765 3109 791 3154 et
819 3111 898 3157 totam
928 3119 1045 3163 naturam

135 3159 240 3209 ³«U11a
250 3172 280 3208 ex
289 3163 382 3221 parter
397 3157 509 3206 retombe
517 3171 561 3206 sur
588 3160 699 3211 hominis
743 3165 946 3230 intemperantiae
993 3189 1046 3225 sure

103 3230 158 3272 (ΜΤ
160 3225 170 3271 1'
182 3228 208 3272 θῑ
217 3235 267 3270 ¹¹⁰ss
276 3234 320 3269 ⁸¹1?
330 3219 428 3281 petros,
437 3238 485 3262 -r
496 3219 560 3268 Sim·
588 3222 710 3273 ebrietate
722 3228 863 3279 madefecit.
877 3233 937 3282 inde
976 3237 1044 3286 rius-

103 3285 211 3350 pliciter,
223 3303 234 3327 r
248 3288 433 3333 ouvertemerrt.
587 3282 665 3345 quim
681 3287 776 3338 edendo
798 3303 901 3342 carnem
923 3271 980 3344 Fini
1002 3299 1045 3348 ho-

135 3347 283 3409 ⁴«Corrjun
303 3342 534 3406 ere.»lmperatit.
587 3345 673 3410 minis,
702 3356 728 3398 et
754 3350 863 3404 bibendo
894 3358 1044 3419 sanguinem

130 3408 146 3439 ³⁵
161 3429 172 3453 «
186 3411 375 3471 componere·
397 3408 442 3456 Cot
454 3404 563 3455 infinitis
588 3407 649 3470 ojus
667 3410 788 3460 lethalem
811 3415 909 3478 digerat
932 3421 1044 3470 crudita-

104 3478 142 3520 rst
152 3471 205 3533 rogi
218 3484 263 3532 par
275 3490 286 3515 a
298 3468 404 3539 cupidis.
417 3488 428 3512 ι»
587 3474 649 3532 tem,
669 3471 735 3522 tebet
754 3477 888 3543 memoria,
897 3482 1041 3543 erratJ'udi-

135 3534 147 3562 ⁸
163 3552 175 3575 r
192 3534 352 3586 transcurrit
371 3532 459 3594 enim,
475 3535 523 3579 etc.
546 3549 557 3573 o
588 3533 636 3595 cio,
646 3540 719 3585 nutat
731 3534 837 3587 incessu,
849 3554 862 3584 η
