2324 3960
102 133 152 181 7332>
493 135 669 185 Fundanus.

312 198 330 229 0

243 236 299 299 Sed
314 256 377 299 caro
395 257 459 319 qaae
473 238 548 299 nasci
562 238 675 320 pertulit
688 248 770 322 atque
782 241 862 303 mari.

201 316 317 380 Funeris
328 318 471 397 exsequias
481 319 581 400 pateris
595 320 658 382 vitae
669 329 763 382 auctor
776 330 804 383 et
815 320 909 393 orbis3
1016 388 1027 407 .

240 398 327 459 lntras
339 398 436 459 mortis
451 399 503 461 iter
519 398 610 461 dando
630 400 727 462 salutis
740 421 832 483 opem.

107 511 127 551 ·.
204 478 304 540 Tristia
315 487 458 541 cesserunt
472 478 710 542 inlernaerincula
723 481 793 563 legis

239 557 409 642 Expavitque
418 558 503 621 chaos
521 571 528 600 ¹
544 559 658 629 luminis
672 580 719 622 ore
733 563 830 643 premi.

201 638 241 700 lle
260 646 357 700 creunt
370 638 491 700 tenebrae
503 638 604 702 Christi
617 639 723 723 fulgore
736 640 838 723 fugatae

242 658 280 779 ir
296 725 372 781 tetrae
387 720 476 781 noctis
505 719 567 780 allia
583 739 672 781 crassa
685 720 798 784 cadunt.

200 796 353 860 Pollicitam
365 799 414 860 sed
424 739 509 861 reddi
520 798 614 873 fidem,
626 819 731 881 precor,
740 800 811 862 alma
823 805 956 883 potestas,

184 907 187 913 >
239 878 330 940 Tertia
345 878 392 939 lux
406 878 496 953 rediit,
512 899 595 961 surge
610 880 717 961 sepulte
728 901 817 943 meus.
1026 887 1060 936 60

200 956 264 1018 Non
278 958 356 1021 dccet
365 968 397 1019 ut
407 958 453 1019 vili
467 959 575 1020 tumulo
589 968 636 1021 tua
649 961 772 1023 membra
784 967 927 1042 tegantur,

240 1035 297 1099 Nec
309 1037 429 1119 pretium
441 1039 539 1099 mundi
549 1038 615 1101 vilia
628 1043 691 1101 saxa
704 1049 841 1122 premant.

203 1116 351 1199 Indignum
365 1126 416 1190 eet,
434 1118 513 1198 cujus
522 1118 688 1181 clauduntur
699 1128 798 1182 cuncta
813 1121 919 1204 pugillo
931 1128 955 1196 ¹,

242 1196 277 1258 Ut
286 1205 361 1279 tegat
373 1197 524 1273 inclusum,
545 1218 577 1259 m
599 1208 748 1277 evolante,
761 1200 840 1282 lapis.
965 1200 971 1209 '

111 1312 115 1317 ·
201 1276 299 1339 Lintea
313 1277 390 1351 tolle,
401 1297 518 1361 precor3
538 1218 646 1340 sudaria
657 1279 752 1420 limppe
762 1279 911 1362 scpulcr03
1023 1290 1057 1335 ⁰⁵

240 1358 281 1418 Tu
296 1359 364 1420 satis
377 1378 407 1420 es
420 1357 502 1419 nobis
516 1364 545 1419 et
559 1359 659 1420 sinete
673 1360 701 1420 ni
725 1359 744 1420 il
757 1368 809 1421 est.

204 1436 287 1499 Solrc
300 1444 438 1501 catenatas
452 1436 552 1499 inferni
565 1438 681 1500 carceris
694 1440 824 1519 umbras,

241 1522 277 1579 Et
289 1536 387 1579 revoca
408 1538 519 1580 sursum
535 1516 671 1600 quidquid
683 1519 717 1580 ad
732 1520 787 1580 irna
801 1518 868 1583 ruit.

123 1634 128 1643 ·
200 1594 297 1657 Redde
307 1607 385 1657 tuam
398 1601 409 1635 ³
423 1597 533 1671 faciem,
549 1597 660 1661 videant
670 1607 701 1660 ut
714 1599 813 1661 saccula
823 1599 936 1674 lumen,

116 1744 119 1749 ,
242 1672 338 1736 Redde
352 1676 425 1737 diem
437 1678 556 1757 quince,
572 1679 757 1753 temorientc,
773 1678 854 1762 sugit.
1026 1689 1063 1736 70

201 1753 257 1816 Sed
272 1753 352 1834 plane
366 1754 487 1836 implesti
498 1775 634 1831 remeans,
652 1758 697 1839 pie
707 1759 803 1833 victor,
820 1758 971 1842 Olympum
985 1781 993 1833 ;

240 1834 350 1895 Tartara
369 1853 461 1918 pressa
476 1833 581 1915 jacent,
596 1855 648 1898 nec
659 1856 708 1898 sua
720 1838 783 1920 jura
797 1847 903 1902 tenent.

202 1913 309 1976 lnferus
331 1914 543 1976 insaturabiliter
556 1935 621 1978 cava
636 1923 747 1998 guttura
781 1919 886 1982 audens

234 1994 398 2087 ·Qui·rapuit
410 2014 530 2077 semper,
546 1994 580 2057 fit
593 2004 640 2058 tua
673 1998 747 2059 raeda
761 1939 847 2061 iteus.

132 2144 134 2149 .
201 2075 247 2137 llri
267 2077 290 2136 is
302 2076 626 2159 innumerumpopulum
647 2016 681 2139 rie
694 2098 802 2140 carcere
814 2078 911 2141 martis
1028 2089 1063 2136 75

243 2094 276 2218 gt
290 2156 417 2238 sequitur
431 2161 443 2195 ⁸
457 2156 528 2218 liber
538 2159 594 2248 qud
605 2178 672 2219 suus
685 2167 781 2220 auctor
792 2155 856 2220 adit.

200 2237 312 2298 Evomit
324 2236 482 2319 absorptam
494 2237 591 2320 paride
605 2237 661 2299 fera
671 2237 764 2300 bellua
777 2238 897 2320 plebem,

239 2317 274 2378 Et
287 2318 322 2378 de
336 2316 415 2379 fauce
427 2316 484 2398 lupi
493 2310 630 2378 subtrabit
644 2337 733 2398 agnus
750 2338 825 2380 oves.
1042 2379 1053 2399 ,

113 2399 115 2403 ’
199 2394 271 2457 Hinc
283 2396 423 2458 tumulum
435 2403 575 2478 repetens,
581 2405 650 2535 post
663 2396 762 2473 tristia,
776 2417 859 2458 carne
870 2403 1022 2481 resumpta

238 2474 358 2556 Belliger
369 2475 404 2536 ad
416 2475 503 2537 coelos
516 2495 607 2556 ampa
626 2474 749 2557 trophaea
762 2476 856 2537 refers.
1015 2490 1054 2534 uu

94 2594 102 2609 .
198 2550 274 2623 Quos
285 2553 381 2615 babuit
392 2552 500 2634 poenale
516 2551 609 2623 chaos,
618 2552 679 2633 jarn
690 2552 809 2613 reddidit
822 2554 850 2613 in
863 2561 904 2629 te,

238 2632 272 2694 Et
283 2653 353 2714 quos
364 2651 438 2693 mora
448 2637 554 2712 peteret
564 2636 586 2703 ⁵,
597 2630 649 2691 hos
660 2649 730 2693 nova
739 2631 796 2694 rita
808 2638 892 2693 tenet.

112 2859 141 2888 ”’
162 2856 295 2920 «arpano
313 2868 343 2904 ue
369 2853 453 2915 chaos.
471 2859 556 2914 oc,-
618 2853 629 2883 ⁴
648 2855 704 2905 «aa
725 2857 841 2920 sequitur
853 2859 918 2911 rraer
933 2866 985 2927 qua
1000 2884 1050 2924 suu

100 2928 126 2971 et
135 2920 158 2970 le
167 2868 315 2969 chaosadii
325 2915 382 2988 salsi
390 2916 421 2965 de
433 2914 559 2979 lrayeura
586 2923 675 2967 auctor
698 2919 762 2982 adia,
778 2940 789 2964 a
803 2929 829 2972 et
844 2923 894 2974 suit
916 2939 947 2974 en
970 2892 1067 2989 libera}

100 2983 201 3077 ¹⁹³3]ssOE
213 2980 276 3054 dela
287 2979 403 3090 lumpre·
526 3045 561 3090 tte
587 2979 613 3029 la
622 2986 701 3092 uroutpc
715 2995 766 3044 que
776 2986 861 3058 brand
874 3000 917 3036 son
932 2992 1064 3051 createur.

102 3043 523 3171 ndltdltdtldtt
591 3047 1064 3183 iaialatrantiaattalanae

135 3173 177 3216 a«
198 3169 284 3235 Redde
315 3172 466 3239 tuamhetc.
492 3183 503 3210 ι
529 3166 563 3216 Ge
591 3173 652 3217 suat.
678 3168 762 3232 Voyez
779 3185 837 3236 pag,
857 3176 984 3236 buccae
999 3184 1064 3244 ¹,et

102 3236 268 3291 nmuvement
279 3236 316 3282 est
325 3226 494 3294 magumque.
592 3243 652 3293 pag,
667 3232 723 3292 264,
735 3238 794 3284 note
805 3236 827 3284 1·

525 3433 661 3453 ῃ
