2324 3960
100 182 147 232 202

363 170 517 223 enitentes
533 166 650 219 sttnws
666 164 789 219 moron.

199 278 282 339 Liber
295 274 330 335 ad
341 274 484 335 arbitrium
495 274 513 341 ⁸,
529 272 629 333 fruitur
640 271 688 351 qui
700 278 795 331 mente
807 268 942 333 meniis.»

200 359 309 419 Dixerat
320 355 398 427 hrec;
414 364 441 415 et
451 356 538 413 iectus
551 352 779 412 hernostum
788 347 1027 433 oonjupejnssiitts

199 440 327 499 Crescere
339 454 387 515 per
396 432 531 503 sobolem,
544 440 684 513 terrasque
696 430 802 511 replere
814 440 952 493 vacanter.

201 516 273 577 Turn
288 525 385 575 natura
395 512 483 574 semei
493 512 576 573 rebus
589 530 719 571 concessa
730 514 838 581 creatis,

200 594 357 657 Praesertim
369 613 437 675 quas
448 593 501 653 rita
516 610 631 652 merens
642 590 764 651 animare
773 590 893 663 ridetur,

202 674 367 756 Multiplicat
380 692 564 755 quecumque
575 672 634 732 suis
647 671 775 752 primdm
782 668 859 731 edita
872 666 979 733 formis.

241 830 366 914 Septima
379 832 428 893 lux
442 850 574 915 magnum
587 837 618 892 ut
626 830 695 891 vidit
707 832 831 891 cessisse
840 832 1044 905 meremor

202 912 237 973 Et
250 912 375 995 requiem
388 914 510 973 tenuisse
523 932 614 987 suam,
628 920 689 972 trrm
700 913 763 991 jure
774 918 879 971 sacrata
893 918 937 973 esi

203 994 359 1053 Perfectum
364 1012 426 1074 quse
431 992 712 1075 ridiiopustnamque
717 990 1005 1073 hocquoquepienum
1010 998 1048 1053 est

203 1070 327 1145 Virtutis,
340 1078 462 1133 cessisse
472 1071 571 1144 Deum,
587 1072 713 1152 posuisse
726 1069 844 1130 iabores.

204 1152 326 1234 Septinm
340 1152 386 1212 iux
401 1153 494 1212 docuit
505 1151 668 1211 reiterandae
682 1149 807 1231 exempla
822 1148 933 1231 quietis,

205 1232 293 1303 Quam
308 1231 411 1293 coelesti
422 1250 520 1293 ornnes
530 1250 640 1312 sperare
651 1230 781 1310 jubemur
792 1228 823 1288 in
836 1228 908 1301 auid,
1004 1245 1051 1290 255

206 1314 236 1374 Si
250 1312 332 1373 modb
347 1332 403 1373 non
416 1311 506 1374 desint
517 1330 633 1393 operum
646 1310 718 1371 bona
732 1308 803 1369 iacta
815 1308 937 1391 piorum.

206 1392 271 1452 ttae
283 1413 394 1475 quoque
406 1392 454 1453 lux
463 1392 539 1453 iiiam
552 1392 652 1471 signat,
668 1396 723 1471 quat
737 1394 749 1427 ¹
761 1396 861 1449 tartara
872 1388 996 1451 Christus

207 1472 307 1545 Sutrii,
323 1484 352 1533 et
361 1474 450 1533 evicto
462 1472 580 1533 reditum
594 1468 720 1562 patefecit
729 1488 850 1529 averno:

208 1550 281 1611 bum
295 1551 411 1631 patriam
420 1551 468 1613 ilie
477 1551 564 1614 semei
576 1559 661 1612 notor
670 1550 808 1611 reditums
820 1548 850 1609 in
863 1548 967 1619 auiam,

206 1628 324 1709 Jamque
334 1629 470 1691 malorum
483 1650 589 1713 expers,
603 1630 726 1691 humant
739 1629 768 1689 in
782 1648 864 1689 carne
875 1627 1059 1710 quiescitnoe

208 1709 255 1767 Sic
269 1728 376 1769 cessare
386 1708 473 1781 licus,
487 1710 528 1770 sic
540 1716 594 1770 otia
608 1728 717 1771 sumere
730 1709 818 1783 norit,

209 1788 275 1849 i'ius
290 1795 321 1847 ut
333 1797 397 1869 apat
408 1808 530 1862 comens,
549 1789 649 1871 pariter
664 1790 725 1850 sine
735 1788 792 1851 tino
803 1788 958 1871 quiescens,

209 1870 247 1927 dc
259 1868 318 1927 sine
336 1868 393 1929 iine
414 1887 540 1950 operans,
556 1870 712 1951 seriemque
727 1878 755 1930 et
767 1876 892 1951 tempora
913 1868 1046 1943 miscens,

129 2016 135 2033 .
209 1946 348 2009 Gessundo
360 1956 535 2011 oonsrrmnrai
548 1968 617 2031 opus
629 1950 825 2090 puodcumque
837 1957 950 2011 crearat.

210 2026 265 2087 Sed
278 2029 387 2121 qudem
401 2028 531 2121 qualique
544 2029 618 2090 Deus
643 2028 789 2091 armaverit
800 2028 890 2091 Adam
1012 2046 1064 2090 cos

211 2108 335 2183 Materia,
351 2108 398 2171 brc
411 2130 506 2189 paucis
517 2130 582 2172 cum
596 2110 672 2172 Mose
684 2129 824 2171 resumere
836 2110 878 2171 fas
889 2116 942 2171 est.

221 2324 227 2337 ,
252 2270 360 2333 Primus
372 2272 447 2333 enim
462 2272 579 2343 meritis,
594 2278 752 2351 postremus
765 2269 793 2329 iu
806 2268 905 2331 ordine
914 2274 971 2331 toto

211 2348 311 2411 Factus
325 2352 420 2425 boam,
432 2359 463 2411 ut
473 2372 535 2413 sese
546 2352 628 2413 rebus
640 2358 768 2433 prestare
782 2350 881 2411 creatis
893 2354 905 2389 ⁸

212 2426 320 2502 bossut,
336 2438 363 2489 ei
376 2432 442 2490 binc
455 2430 551 2493 laudes
565 2431 682 2491 bomine
697 2428 864 2512 persolveret
877 2449 981 2511 aequas.

213 2506 285 2585 Ergo
299 2507 443 2567 homiuem
456 2506 559 2569 iactura
572 2508 622 2569 Dei
636 2529 736 2570 manus
751 2509 854 2590 optima
868 2510 981 2582 summi,
1015 2524 1064 2571 270

213 2583 339 2648 'l'roctatu
351 2586 460 2647 i'aciiem
473 2605 505 2646 ac
517 2587 590 2649 bene
600 2606 719 2668 gnarum
733 2594 831 2649 cedere
844 2588 952 2661 limum,

214 2664 247 2724 iit
261 2664 365 2725 ilexum
378 2666 552 2745 formamque
563 2668 651 2748 sequi,
669 2672 723 2749 quir
735 2668 846 2730 ducitur
859 2676 926 2740 arte,

214 2745 317 2816 onorii,
334 2751 362 2806 ei
377 2745 528 2805 humanam
539 2750 650 2828 qualem
662 2749 720 2828 jam
732 2758 825 2810 mente
840 2747 952 2831 gerebat

214 2822 338 2905 Explicat
351 2826 380 2885 in
395 2826 536 2907 speciem:
554 2837 612 2889 tem
626 2828 694 2889 ilatu
708 2829 832 2890 immissa
846 2846 947 2910 rapuro

214 2900 273 2961 trra
284 2904 381 2983 rigavit
390 2905 622 2969 humumtteiius
631 2908 735 2970 mollita
747 2909 855 2989 liquore
1017 2921 1068 2967 275

214 2979 335 3070 Vertitur
346 2986 375 3045 in
391 3006 519 3048 carnem:
536 2998 564 3049 et
573 2991 696 3071 sanguis,
708 2990 756 3071 qui
771 2987 894 3050 lubricus
906 2986 1038 3057 humori,

215 3059 354 3124 lirsteudit
364 3068 460 3130 molles
471 3087 520 3151 per
533 3076 598 3131 nota
611 3070 746 3132 foramina
759 3088 853 3130 venas.

158 3300 165 3330 r
180 3317 191 3342 ι
203 3298 319 3372 Liberad
328 3301 472 3368 arbitrium,
482 3321 494 3348 a
505 3304 571 3357 done
614 3310 683 3357 «ost.
693 3322 753 3350 »-«
763 3303 849 3354 Rebus
860 3306 980 3365 praestem
996 3306 1074 3345 croe-

118 3364 223 3420 dulibre
233 3364 336 3427 arbnre,
612 3370 653 3428 tis,
666 3367 739 3419 retra
757 3367 781 3417 ta
793 3364 920 3429 premiere
937 3361 982 3411 des
1001 3358 1074 3409 erda-

151 3432 185 3471 2«
200 3425 270 3475 tilam
290 3430 354 3491 qud,
367 3433 417 3480 ete.
432 3446 446 3473 s
460 3427 494 3479 Le
513 3429 574 3493 ient·
612 3436 691 3482 tures.

119 3490 381 3547 deicbisurrection.
645 3491 728 3553 ⁴«Qui
738 3488 851 3541 lubricus
862 3483 1073 3544 humornSous·

152 3558 195 3601 aa
218 3552 317 3607 Faetus.
342 3573 354 3603 ι
379 3555 573 3607 sous-anunm
613 3556 836 3607 ostenderem.»
881 3602 888 3621 ,
949 3613 952 3619 ,
