2324 3960
346 187 500 243 CLAUDIUS
516 186 636 244 ulmus
654 142 778 243 Vinion.
998 195 1044 245 205

187 284 259 352 Nam
271 293 327 384 qun
340 299 366 354 te
378 292 507 355 timidum
517 293 557 355 las
566 302 609 356 est
619 292 771 356 subducere
785 293 904 375 eorpus?

187 368 266 445 Tete,
279 390 404 455 mquam,
412 391 480 464 ‚qpae
492 393 544 435 vnn
556 373 603 435 rili
612 374 646 437 de
661 373 773 456 pulvere
782 373 857 447 feeit,
994 390 1045 436 340

187 450 283 514 Virtus
293 455 353 514 riva
366 460 461 535 patris,
472 453 570 516 mundi
582 453 777 526 occultissima,
789 472 910 536 praesens
992 480 996 487 ·

188 531 325 613 lmplet¹,
338 538 365 594 et
378 533 408 594 in
422 533 531 613 penites
545 534 601 595 exit
614 528 713 596 diffusa
727 553 862 595 recessus.

187 608 266 673 Tune
277 619 356 694 petes
368 610 520 674 Dominum
532 612 642 694 fugiens
653 612 790 676 evadere?
803 621 872 675 tune

187 688 283 752 Omnia
297 700 458 755 cernentem
470 694 584 776 sperasti
601 713 681 775 pesse
692 693 799 756 latere?

189 769 334 835 Ut¹vastis
344 773 436 856 jaceas
449 772 580 850 tenebris,
592 773 720 837 eelabere
731 791 886 857 nunqnam.
972 776 974 781 '
994 787 1042 836 aas

468 922 524 1011 im.
540 960 588 1012 lm
603 966 768 1014 sentence.

229 1098 320 1163 Prinei
340 1099 366 1162 io
379 1100 451 1164 inter
463 1102 548 1165 totius
559 1102 680 1166 virentia
693 1101 792 1165 mnndi

189 1178 232 1242 ’ln
245 1120 407 1243 malelietus
421 1181 486 1258 eris,
498 1182 546 1263 qui
559 1183 660 1247 eoelum
676 1183 778 1259 intrare
791 1187 897 1244 erentes

191 1258 319 1343 Dejeeisti
332 1260 637 1346 hommes,.vetitasque
649 1264 785 1355 attingere
794 1261 888 1342 fruges

191 1339 297 1403 Fraude
311 1345 359 1402 tul
368 1341 495 1424 impulsis
508 1343 642 1424 praedurae
651 1341 835 1422 mertrsnrigo
850 1360 892 1405 es,

190 1418 266 1503 Ergo
277 1428 310 1483 ut
322 1420 407 1502 digna
416 1420 494 1485 nefas
508 1441 597 1504 poenae
609 1441 738 1483 mensura
747 1427 887 1503 sequatur,
990 1435 1041 1482 350

191 1497 233 1561 Ex
246 1520 302 1582 que
312 1499 458 1581 hominem
467 1509 547 1565 terrae
558 1502 694 1564 immersti
702 1506 725 1576 ³,
737 1507 768 1562 tn
779 1507 880 1564 stratus
897 1500 991 1583 iniquo

191 1577 314 1642 Membra
326 1581 396 1655 solo,
408 1580 506 1652 duram
518 1581 636 1645 sulmbis
649 1588 760 1664 pectore
771 1588 883 1643 terram.

192 1656 227 1721 llt
240 1659 339 1722 vetites
348 1667 454 1723 tentare
466 1661 543 1725 eibos
556 1661 620 1744 quia
634 1661 743 1737 leceris,
754 1661 886 1743 hincjam

192 1735 261 1800 vilis
280 1758 388 1822 semper
402 1740 467 1804 edes
480 1741 634 1825 squalentia
647 1743 751 1809 viscera
764 1748 842 1806 terrae
851 1747 875 1803 ἢ.

192 1815 228 1880 Et
240 1818 304 1901 quia
318 1828 346 1882 te
355 1820 578 1905 dignae⁵plaeuit
589 1823 639 1884 tibi
650 1823 756 1906 primus
771 1829 803 1885 ut
813 1841 889 1885 esses
993 1835 1044 1882 355

193 1895 323 1960 Inventor
331 1899 439 1977 mertis,
453 1906 536 1984 paena
549 1904 668 1965 moriere
678 1902 804 1984 perenni,

117 2002 125 2029 t
192 1974 369 2063 Humanique
377 1980 473 2043 edium
484 1981 593 2062 generis
607 1981 763 2063 specialiter
771 1982 801 2041 irr
810 1987 838 2041 te

191 2055 232 2118 Ae
244 2079 334 2142 genus
344 2079 427 2121 omne
440 2067 521 2121 tunm
536 2059 608 2121 belle
627 2065 766 2148 experiere
780 2059 896 2140 potenti¹

191 2134 416 2220 Perpetuumque
426 2141 477 2212 tul,
489 2157 564 2200 mors
577 2145 609 2198 ut
622 2137 670 2199 tihi
683 2140 778 2218 longa,
788 2138 916 2199 timorem

192 2217 262 2279 Esse
273 2217 361 2278 dabo:
374 2216 489 2298 pedibus
503 2235 594 2297 repes,
607 2223 636 2277 et
647 2223 758 2297 pectere
770 2235 857 2297 prone
870 2237 877 2274 :
997 2232 1047 2278 aen

190 2295 230 2357 'le
250 2315 286 2356 ue
301 2305 349 2355 tue
360 2295 369 2328 ⁶
381 2294 480 2356 mulier
491 2295 609 2376 perimet
622 2313 687 2356 eum
700 2294 817 2364 semine,
833 2292 911 2375 enjus

191 2317 314 2437 Callidus
329 2374 459 2437 extremis
472 2381 581 2437 tantum
594 2373 759 2437 insidiabere
768 2374 881 2458 plantis,

192 2451 229 2517 Ut
242 2453 382 2537 trepidans
393 2454 476 2519 etiam
489 2454 572 2538 eapiti
585 2455 700 2538 vestigia
715 2453 792 2537 figat.

231 2614 316 2690 Dixit,
333 2624 360 2679 et
374 2636 543 2701 exsanguem
557 2616 600 2681 sie
610 2626 652 2680 est
662 2637 777 2681 exorsus
786 2616 816 2679 in
829 2617 932 2679 Evam:

193 2692 254 2758 «Εἰ
263 2703 293 2759 tn
306 2716 369 2778 que
383 2697 500 2761 minime
511 2698 600 2761 selam
612 2705 642 2761 te
655 2698 769 2779 perdere
783 2698 873 2759 lruetu
996 2715 1045 2762 aes

191 2774 254 2837 Non
267 2784 407 2852 contenta,
419 2778 510 2840 virum
521 2778 627 2841 similes
640 2779 785 2841 temeraria
796 2779 826 2839 in
840 2797 923 2840 ausus

191 2854 324 2920 'lraxistir
338 2857 424 2921 instar
436 2857 491 2922 eris
502 2858 625 2936 lamulae,
635 2858 813 2942 subjectaque
826 2858 919 2934 duros,

127 3076 157 3143 [a
165 3068 225 3122 'lete
233 3086 245 3115 e
254 3071 292 3138 est
301 3065 355 3130 regi
366 3077 429 3129 par«
439 3065 529 3130 implet
540 3083 552 3113 ι
588 3065 608 3117 sl
646 3066 689 3119 ifle
701 3067 739 3118 les
749 3066 833 3138 haeses
844 3064 949 3137 penstes
962 3076 1010 3126 que
1023 3063 1047 3112 le

100 3142 245 3258 pppis
254 3135 513 3256 {llllallthn
587 3124 1047 3257 llllnllulelllllills'j'llll

104 3266 107 3271 ·
129 3253 315 3305 urmmersn.
332 3256 469 3318 »syncope
489 3266 556 3321 pour
587 3265 637 3317 que
660 3261 744 3306 tontes
764 3266 803 3304 ses
821 3252 924 3316 pensaes
940 3260 972 3299 ne
991 3252 1049 3298 sont

100 3315 304 3368 cimmersisti.»
587 3327 637 3381 que
649 3317 763 3380 peche.»
881 3374 885 3384 Ι

129 3379 141 3410 ⁴
164 3399 177 3425 ι
196 3380 261 3431 Edes
287 3375 428 3442 squalentia
457 3376 555 3450 viscera
620 3378 701 3429 ἀτε
712 3379 798 3451 dignae
809 3371 971 3438 momenta
980 3375 1049 3424 mort

99 3444 183 3509 terre.
205 3459 218 3488 ι
243 3443 363 3504 Bessuet,
384 3440 450 3491 Birt.
470 3453 553 3503 unae„
587 3440 664 3534 digne
676 3442 765 3492 detor.

97 3504 124 3573 ᾗ.
133 3505 224 3576 partie,
236 3504 277 3555 eh.
289 3506 301 3553 1
314 3517 322 3553 ε
334 3520 346 3547 «
360 3501 395 3552 La
403 3507 482 3567 terre,
492 3501 553 3574 dont
647 3504 732 3568 teque
740 3509 795 3576 tuo,
805 3506 874 3552 ete.»
883 3500 918 3549 La
927 3507 1049 3610 propense

98 3563 259 3634 uenerique
268 3565 553 3632 leserpentsenonrrrt,
587 3579 620 3620 en
631 3564 658 3619 le
666 3564 787 3633 punition
803 3562 841 3617 uu
850 3560 960 3625 nemen,
983 3564 1057 3609 esen
