2324 3960
373 188 484 238 PlERRE
500 189 667 239 nssnltuno.

140 286 304 354 Sanctorum
317 290 429 373 plurimi
443 290 491 372 qui
505 290 562 372 jam
572 289 753 365 dormierant,

141 367 284 453 Surgentis
296 372 412 454 gloriam
424 370 562 451 surgendo
572 370 732 452 praedicant.

141 453 172 511 ln
185 453 375 514 testimonium
389 450 529 531 surgentis
543 448 666 530 Domini,

78 526 85 534 ’
140 529 335 595 conscendunt
346 533 458 604 mortui,
475 529 648 592 descendunt
661 530 765 613 angeli.

359 748 406 793 111.
422 746 484 793 Sur
508 747 540 793 le
556 745 777 807 Salat-Esprlt.

144 911 175 973 ln
188 912 296 973 altum¹
312 911 400 973 orbita
413 913 479 974 solis
488 913 547 994 jam
559 913 677 988 ducitur,

145 992 278 1072 Colorque
291 991 398 1090 prolicit
408 1013 462 1074 quo
472 992 593 1054 mundus
607 994 699 1067 alitur,

146 1070 206 1132 Lux
215 1072 346 1152 primum,
362 1072 462 1133 deinde
474 1073 548 1134 color
559 1073 724 1146 infunditur,

146 1149 238 1221 Quum
253 1150 338 1212 [idem
358 1152 476 1214 charitas
487 1155 517 1214 in
528 1154 610 1215 nobis
623 1155 758 1236 sequitur.

148 1311 225 1374 Hanc
236 1312 328 1374 lucem
342 1312 408 1375 lrdei
422 1313 463 1375 sol
472 1334 554 1376 verus
565 1313 668 1388 attulit,

148 1392 179 1454 ln
191 1413 272 1455 carne
282 1392 403 1454 Verbum
414 1415 464 1455 nos
476 1415 563 1476 quum
575 1393 736 1469 visitaverit,

148 1474 257 1536 Coelum
270 1473 452 1535 fortissimum
464 1474 584 1534 amoris²
597 1473 688 1534 attulit

149 1552 205 1614 Hac
220 1553 308 1614 hora³
320 1553 439 1636 Spiritus
454 1575 538 1635 quem
551 1553 672 1615 Verbum
685 1553 800 1615 miserit.

152 1710 224 1773 Hinc
237 1713 309 1774 recte
324 1714 440 1797 Spiritus
452 1713 480 1774 in
494 1713 558 1796 igue
568 1713 644 1776 visus
658 1722 701 1777 est

153 1791 244 1875 Super
257 1794 413 1885 Apostolos,
426 1814 514 1876 quum
525 1794 598 1858 boot
609 1795 740 1877 largitum
749 1801 810 1868 est;

151 1871 222 1934 Nam
235 1874 308 1955 ignis
320 1895 398 1936 amor
412 1882 454 1936 est
467 1875 514 1956 qui
529 1884 637 1937 mentes
650 1876 765 1951 animat,

152 1951 188 2014 Ut
202 1963 301 2017 testam
311 1956 415 2018 luteam
429 1955 502 2036 ignis
515 1955 681 2017 corroborat.

340 2168 388 2215 lv.
405 2167 468 2214 Sur
482 2169 517 2214 la
532 2165 652 2214 felicit&
666 2165 830 2214 dunello.

157 2336 261 2398 plener
277 2332 392 2396 meridie
402 2334 451 2395 lux
462 2334 527 2396 solis
541 2333 639 2408 radiat,

156 2415 315 2497 Plenusque
326 2415 399 2475 calor
408 2423 450 2476 est
460 2436 516 2496 quo
527 2415 648 2476 mundus
662 2419 768 2476 aestuat.

157 2496 339 2558 Beatitudinis
354 2496 414 2555 hec
428 2503 470 2556 est
488 2495 629 2578 perfectio,

158 2576 249 2649 Quum
260 2576 318 2659 ipsa
332 2574 382 2637 Dei
396 2595 446 2637 nos
460 2574 589 2637 incendet
603 2575 683 2636 risio.

158 2736 243 2819 Cujus
256 2739 311 2820 qud
326 2736 408 2798 luerit
420 2735 510 2819 major
523 2735 656 2819 cognitio,

158 2817 246 2897 ltlajor
260 2818 288 2876 in
299 2817 417 2896 singulis
432 2824 482 2878 erit
497 2817 619 2887 dilectio,

159 2895 249 2966 Quem
264 2895 333 2955 nibil
347 2896 421 2956 aliud
436 2898 487 2956 erit
504 2897 673 2977 conspicere,

159 2975 249 3046 Quam
260 2978 324 3035 verat
338 2976 439 3056 pcrlrui
451 2975 632 3037 beatitudine.

97 3276 105 3307 ¹
126 3272 180 3323 «ln
194 3268 284 3319 altum.
298 3285 310 3310 r
322 3266 384 3315 l'ers
402 3265 433 3315 dc
452 3265 528 3314 doure
554 3261 717 3326 Sairrt-Esprit
729 3266 766 3312 est
777 3258 903 3311 descendu
921 3270 964 3309 aur
981 3255 1018 3307 les

71 3329 529 3448 3lldallpdlelldrbezl'ollllldidirldr'rrmaltdrd
554 3325 715 3437 Appllelloc.
738 3405 749 3431 o
772 3385 804 3435 Ge
823 3395 931 3443 pronum
952 3393 1019 3432 reur-

71 3455 531 3574 fls’'lllllllllflgllsllllba
554 3447 1019 3570 ltilllllltdfilllll.aa...

71 3586 92 3637 la
103 3582 229 3636 truisitme
239 3580 320 3631 heure
329 3578 363 3630 du
374 3579 434 3643 jour
445 3589 494 3644 que
506 3575 530 3627 le
555 3574 673 3641 syllabes.
685 3573 857 3638 votempage
865 3572 1038 3632 liupoton.
