2324 3960
329 170 441 224 rtoontt
455 170 621 222 ABAILARD.
920 167 967 218 426

120 254 330 327 Admendntom

117 341 201 413 Regis
212 341 301 398 datum

118 411 249 469 Generolc
264 413 287 482 ¹,

120 774 162 832 Ad
174 776 324 846 Augustum
407 828 417 843 ,

120 847 178 902 Hoc
190 845 307 902 delatum

120 917 216 973 Risum
235 915 331 986 movit,

620 269 655 325 Et
668 281 715 324 rex
728 263 802 324 mitis

621 340 660 395 Dc
675 337 773 394 immiti

623 409 710 483 Digne
724 407 800 465 lusit.

625 584 637 611 ι
651 561 759 624 Melum,
770 556 872 631 inquit,

620 632 669 689 Est
677 629 794 687 Herodis

621 702 686 758 Esse
698 706 790 758 notum
802 719 811 772 3

615 772 729 829 Prodest
741 771 827 844 magis

621 843 692 899 Telis
703 842 776 916 regis

620 915 686 972 Esse
695 928 821 988 porcum.
836 931 852 969 s

305 1123 354 1173 11.
369 1122 432 1171 Sur
446 1125 478 1172 le
493 1126 598 1173 mone
623 1122 718 1184 ualet.

121 1292 170 1346 Est
181 1290 210 1346 in
222 1290 327 1347 Remt²

122 1363 181 1417 Vox
193 1362 282 1419 andito

121 1434 223 1491 Rachel
234 1433 333 1505 flentis,

121 1502 209 1576 Super
221 1510 299 1560 natos

122 1575 283 1631 Interiectos

122 1645 262 1716 Ejulantis.

122 1798 251 1855 Lacerata

122 1869 216 1925 Jacent
231 1866 351 1925 membro

124 1940 312 2011 Parvnlorum‚

121 2013 156 2067 Et
168 2017 222 2068 tam
233 2012 303 2066 tecte
328 2026 330 2032 ·

123 2082 208 2149 Quom
219 2097 317 2137 cruore

123 2152 224 2224 Rigant
237 2151 363 2207 humum.

124 2302 172 2359 His
184 2299 344 2357 incumbens

125 2371 316 2443 Orbaparens,

127 2443 259 2515 Ejulondo

124 2515 279 2572 Recollccte

124 2587 210 2647 Fovet
223 2584 322 2641 frustra

124 2656 255 2728 Sionpio.

624 1288 724 1348 'fundit
737 1292 845 1360 pectus,

573 1420 580 1433 ,
625 1361 731 1419 Scindit
746 1360 822 1417 sinos

624 1430 804 1489 Caeoussnror

624 1503 711 1572 Quem
725 1507 862 1558 maternus

624 1576 660 1631 Et
673 1573 810 1629 humanus

625 1645 702 1703 Facit
713 1659 798 1701 amor.

624 1795 763 1854 interiecti

622 1871 694 1926 Sunt
703 1866 782 1923 inviti
792 1889 801 1938 ;

625 1940 679 1996 Sed
687 1954 736 2009 pro
748 1937 803 1994 vito

626 2011 785 2065 Meritorom

625 2078 689 2134 Fuit
701 2078 820 2146 nultum,

624 2149 727 2205 Merces
738 2147 833 2205 multa.

627 2300 731 2355 Merces
744 2297 803 2369 ipso

626 2369 689 2426 Fuit
700 2367 773 2438 vita,

628 2444 716 2568 guam
729 2437 742 2476 ³
754 2444 781 2496 et
791 2439 844 2514 ipsi

655 2509 781 2580 oriende,

629 2584 690 2640 Non
703 2580 850 2663 loquendo,

630 2652 835 2713 Suntoonfessr.
927 2682 930 2687 ·
952 2688 955 2697 -

78 2922 230 2973 «Generalo.
243 2942 255 2967 ι»
268 2923 289 2974 ll
297 2937 406 2987 manque
417 2925 479 2975 trois
507 2930 546 2989 15,
560 2925 625 2977 citee
636 2938 683 2990 par
693 2924 971 2988 saintotatthieu‚oans

72 2985 155 3034 edens
169 2985 207 3034 les
218 2987 379 3037 manuscrits.
398 2986 478 3046 Qu'on
509 3001 554 3039 son
563 2988 694 3052 Evangile,
704 2989 779 3052 ch.n,
799 3005 825 3040 v.
836 2993 864 3038 t8
877 3003 885 3038 t
897 2988 971 3047 «Vox

72 3060 86 3095 s
95 3053 220 3110 permette
230 3047 260 3098 de
269 3048 407 3112 completor
415 3048 480 3098 ainsi
510 3051 539 3100 in
559 3050 734 3101 Remetodite
754 3057 806 3106 est.
821 3051 936 3114 ploratus
945 3055 972 3099 et

72 3111 147 3160 cnseo
159 3110 193 3159 dn
204 3112 274 3173 poete
286 3125 292 3159 ε

513 3112 644 3163 ululatus:
666 3113 760 3163 Rachel
781 3114 883 3222 Ylorens
894 3162 897 3167 ,
907 3110 973 3161 filios

513 3187 582 3287 ἓξὲξ
591 3181 616 3282 et
624 3175 784 3226 notuitoonso
795 3176 842 3236 ari,
852 3173 973 3237 quianon

547 3300 558 3330 ³
569 3302 686 3360 «Quam»
695 3313 721 3350 se
728 3303 845 3362 rapporte
852 3272 972 3365 edite.»

72 3437 100 3473 ne
112 3437 160 3486 que
173 3423 235 3497 dens
246 3423 269 3472 le
279 3414 492 3484 morceauerec‘e·
514 3359 974 3495 milcsztaslfflsrilsttlssroasscgetsfflrttrlgistgn?

72 3492 130 3536 rt·
141 3487 174 3535 Le
184 3492 257 3547 noeto
270 3485 383 3549 reppelle
395 3484 421 3534 la
431 3499 491 3549 pro·
516 3514 546 3525 -
557 3486 696 3538 «confiteri
715 3492 827 3548 vttcm‚»
848 3481 973 3547 contester

72 3540 112 3599 iiie
123 3548 155 3600 de
169 3547 280 3600 toremic
294 3584 301 3611 ‚
313 3548 355 3600 ch.
375 3562 442 3611 xxxi,
462 3563 488 3599 v.
515 3549 691 3603 iesus-Christ.

787 3629 852 3691 vn.
903 3658 1026 3734 --rn
