2324 3960
98 192 129 246 tt
377 197 469 255 SAINT
502 196 613 245 Pauus
632 197 672 246 DE
688 196 779 247 HDL-E.

196 297 285 366 Quem
298 315 364 377 gero
378 304 477 378 agente
491 295 562 373 Deo,
575 296 652 378 prius
665 304 708 359 est
724 297 758 374 (si
772 297 822 372 sas)
837 305 1018 371 remanetur,

196 376 245 437 Cui
259 374 348 457 placet
358 384 407 436 aut
418 376 537 439 formare
552 396 638 451 meos,
653 384 702 439 aut
714 384 822 439 vertere
835 395 946 439 sensus.

232 535 302 596 Nam
317 557 378 598 mea
392 538 415 598 si
429 543 548 620 reputes
561 557 625 678 puae
638 536 751 621 pristina
764 544 785 612 ¹,
800 557 862 621 quae
874 538 925 599 tibi
939 542 1015 610 nota,

195 614 299 698 Sponte
314 616 419 678 fatebor
431 637 497 679 eum
513 638 559 681 mo
579 621 677 680 o’me
690 638 748 680 non
762 638 833 690 esse,
849 617 966 680 subitio

194 696 330 778 Tempore
344 697 391 778 qui
406 698 515 768 fuerim,
530 718 585 779 quo
599 717 656 760 non
670 717 813 780 perversus
828 696 959 771 habebar,
1000 705 1049 757 ¹¹5

194 776 229 838 Et
241 796 383 856 perversus
395 797 481 851 eram,
496 777 556 839 salsi
572 778 689 859 ealigine
702 798 828 849 cernens,
883 827 890 838 ,

194 854 284 917 Stulta
299 856 348 917 Dei
362 858 471 938 sapiens
485 862 506 931 ³,
522 864 550 918 et
561 860 659 920 mortis
672 857 770 940 pabule
781 859 886 918 vivens.

194 935 256 1007 Quo
270 937 359 1018 magis
371 937 478 1018 ignosci
493 937 563 998 mihi
577 937 631 1016 tas,
643 939 707 1020 quia
721 937 874 1020 promptius
888 957 921 998 en
935 935 989 996 hoe

112 1040 115 1045 ·
194 1017 315 1097 Agnosoi
327 1017 417 1089 datur,
434 1039 450 1079 a
464 1037 574 1079 summo
586 1018 711 1099 genitore
722 1018 827 1090 novari,

196 1095 275 1167 Quod
287 1116 342 1159 non
356 1117 433 1159 more
446 1118 509 1159 meo
522 1098 642 1178 geritur3
656 1118 713 1160 non
728 1098 853 1169 arbitror,
867 1095 927 1157 istis
997 1101 1049 1151 tto

197 1176 344 1239 Confessus
357 1177 430 1239 dicar
440 1181 452 1219 ¹⁴
464 1184 576 1239 mutatae
591 1177 620 1238 in
633 1197 714 1259 prava
726 1177 879 1240 notandum

196 1257 324 1320 Errorem
338 1258 450 1331 mentis,
463 1257 595 1339 quoniam
611 1257 665 1319 sim
677 1265 775 1339 sponte
789 1257 937 1340 professus,

196 1335 241 1398 Me
255 1358 312 1399 non
326 1346 419 1399 mente
432 1342 494 1399 met
508 1337 593 1399 vitam
607 1344 728 1400 mutasse
743 1338 875 1420 priorem.

197 1414 424 1491 Memnonem,
438 1418 534 1492 fateor,
548 1437 579 1478 oe
599 1416 620 1478 it
628 1423 649 1490 ⁵,
663 1435 743 1478 mens
753 1436 811 1478 non
822 1434 884 1476 mea
896 1413 1047 1495 quondam.

199 1493 254 1556 Sed
269 1516 331 1557 mea
345 1517 431 1574 nunc,
444 1507 555 1560 auctore
610 1518 636 1571 o,
651 1498 699 1579 qui
713 1496 737 1560 si
751 1496 818 1578 quid
832 1496 862 1557 in
875 1505 939 1555 aotu
1000 1502 1049 1548 ¹2⁵

198 1575 345 1656 Ingeniove
358 1596 420 1638 meo
434 1597 484 1638 sua
498 1578 614 1658 dignum
628 1577 661 1638 ad
676 1577 772 1639 munia
784 1575 863 1647 vidit,

199 1655 289 1716 Gratia
306 1655 393 1738 prima
406 1655 464 1727 tihi,
478 1655 528 1716 tibi
542 1656 628 1743 gloria
643 1656 734 1718 debita
746 1655 835 1728 cedet,

198 1734 282 1816 Cujus
294 1735 438 1818 praeoeptis
450 1738 461 1773 ⁶
475 1742 585 1816 parturn
598 1736 726 1817 estquod
741 1734 865 1798 Christus
878 1742 995 1799 amaret.

239 1893 329 1968 Unde,
343 1913 450 1975 precor,
465 1894 578 1955 meliora
593 1901 685 1976 putes,
699 1914 735 1955 ne
750 1895 870 1957 maxima
887 1896 984 1979 perdas

199 1975 327 2048 Praemia,
342 1974 501 2035 detestando
516 1974 572 2036 tuis
585 1974 658 2035 bona
673 1973 794 2035 fontibus
808 1986 878 2036 orta.
1002 1983 1051 2029 ¹30

198 2054 261 2115 Non
271 2054 374 2115 etenim
384 2053 454 2114 mitri
464 2073 614 2137 mensvaga
627 2074 810 2136 nune,neque
820 2055 1050 2138 participantumT

200 2133 259 2196 Vita
275 2135 358 2218 fugax
371 2134 528 2208 hominurn,
542 2134 651 2216 Lyoiae⁸
663 2155 745 2216 quam
761 2136 858 2197 sorihis
872 2136 902 2195 in
916 2135 1000 2195 antris

199 2215 353 2299 Pegaseum
365 2220 375 2254 ⁹
390 2216 492 2277 vixisse
506 2216 638 2298 equitem,
652 2215 716 2277 licet
729 2215 787 2277 avia
802 2216 883 2277 multi

199 2294 321 2358 Numine
334 2304 433 2377 agente
448 2296 547 2369 colant,
563 2297 627 2358 olari
641 2296 717 2358 velut
730 2303 794 2358 ante
808 2296 958 2378 sophorum
1054 2330 1057 2335 «

200 2374 253 2434 Pro
268 2375 365 2434 studiis
380 2375 520 2453 Musisque
534 2376 602 2447 suis,
617 2382 646 2436 et
657 2395 732 2436 nuno
746 2396 858 2456 quoque
869 2377 951 2438 castis
1002 2384 1051 2437 1³51.

102 2531 219 2582 t‘nmener
230 2530 244 2577 a
255 2528 316 2576 taire
325 2539 354 2576 ee
366 2538 415 2587 que
424 2538 488 2573 nous
500 2538 560 2574 sou·
618 2525 629 2556 ⁴
648 2545 659 2568 ι
674 2526 728 2575 Non
740 2527 879 2577 arbitror...
896 2529 975 2588 dicar,
989 2549 1002 2575 e
1027 2540 1052 2585 et

102 2593 214 2642 hattone.
586 2587 636 2635 l'on
658 2599 691 2634 ne
711 2586 765 2634 dira
784 2599 838 2648 pas,
857 2592 881 2647 te
897 2602 983 2650 pense,
1003 2607 1052 2653 que

137 2655 145 2684 ¹
165 2671 177 2698 a
197 2653 250 2702 Men
271 2663 326 2712 quae
345 2650 460 2711 pristina,
474 2666 487 2692 »
509 2660 563 2697 mes
586 2647 845 2711 paroosparolesj'at
857 2650 981 2709 confesse,
996 2658 1046 2705 ete.

103 2713 387 2770 anetenneshabitudes,
398 2724 439 2760 ma
450 2710 562 2759 muniere
619 2710 631 2739 ⁸
649 2728 661 2752 ιι
674 2709 741 2758 tiens
757 2722 822 2760 nora
840 2724 881 2759 me
900 2715 974 2774 oepit,
989 2732 1001 2758 o
1014 2729 1049 2765 un

103 2780 135 2829 rte
143 2781 213 2827 vivre
224 2774 351 2824 autrefois.
588 2772 679 2821 nouvel
690 2773 832 2835 esprits’est
842 2775 942 2835 empore
954 2776 1051 2828 demut.

134 2840 146 2871 a
169 2856 182 2882 a
193 2838 273 2894 Modo,
286 2855 299 2880 o
311 2836 326 2885 a
327 2835 443 2947 1present.
620 2835 631 2864 θ
650 2835 750 2897 «Cujus
761 2837 897 2897 praeceptis,
917 2842 975 2894 ete..
988 2858 999 2882 o
1015 2842 1048 2890 toi

135 2903 147 2939 a
175 2901 289 2956 «Stulta
348 2901 370 2946 et
406 2899 522 2960 sapiens,
550 2911 562 2941 a
589 2895 833 2961 dontlespreeeptrs
852 2897 930 2948 m'ont
950 2900 1049 2951 initae·

103 2962 207 3026 n’ayunt
228 2961 323 3025 qu'une
342 2959 566 3020 toltesugesseaux
589 2959 673 3023 que'rir
689 2973 781 3021 reque
798 2959 997 3012 lesus-Christe
1018 2978 1053 3028 pu

102 3039 169 3090 yeux
179 3026 210 3075 do
224 3025 295 3073 [tien.
307 3022 420 3072 Attnsion
433 3024 446 3071 a
459 3034 486 3071 oe
503 3034 565 3084 pas·
590 3028 711 3072 armenon
726 3024 785 3072 mot.

103 3102 162 3152 sege
174 3080 315 3149 doi’Epitre
327 3084 502 3136 deauintPaut
517 3096 565 3132 aux
623 3085 633 3115 t
653 3084 891 3147 «participantum»
904 3088 946 3147 qni
965 3089 1052 3141 vivent

104 3151 275 3209 Corinthiens,
296 3147 337 3197 oh.
358 3162 383 3206 r,
405 3160 430 3196 v.
450 3150 490 3209 25,
510 3150 537 3195 27
558 3164 565 3197 ε
591 3162 622 3198 en
636 3160 764 3197 commun.

105 3213 191 3275 «Quod
201 3212 308 3262 stultum
318 3214 355 3259 est
362 3210 415 3266 Dei,
427 3211 566 3272 saptentius
623 3212 633 3242 ⁸
651 3229 662 3255 ι
676 3210 763 3272 Lyrtae,
772 3228 783 3254 u
797 3209 820 3259 la
835 3210 917 3274 tyele,
932 3215 1050 3274 province

104 3285 143 3327 est
153 3273 299 3326 hominibus
311 3292 317 3333 ;
328 3272 426 3333 etquod
437 3271 566 3320 infirmum
591 3274 622 3322 de
642 3271 851 3323 Vasio-Minoum.
946 3278 952 3287 “
1049 3282 1057 3296 ¹

103 3339 204 3400 intuor,
226 3337 314 3387 fortius
334 3341 372 3385 est
391 3333 565 3384 hominibus...
622 3335 633 3365 ⁹
662 3335 823 3396 attegaaenm
850 3335 1002 3397 equitem·
1028 3336 1052 3386 le

104 3403 164 3462 Quae
191 3399 269 3451 stultu
297 3401 358 3447 sunt
381 3397 471 3446 mundi
493 3396 566 3459 etegit
590 3398 696 3447 cavatur
716 3398 747 3448 de
766 3396 864 3458 Pegaso.
882 3396 1052 3460 Bette'rophon.

105 3466 180 3522 treus,
193 3470 222 3512 ut
239 3459 377 3512 contundat
389 3461 513 3522 sapientes
526 3478 532 3507 ε
543 3463 568 3509 ot
591 3462 655 3508 ainsi
676 3458 777 3508 nomme
801 3471 874 3521 parce
888 3457 948 3518 qu’il
968 3466 1053 3510 monta

105 3526 205 3575 tnttrma
229 3524 317 3573 mnndi
334 3522 417 3582 etegit
441 3522 518 3583 oeus,
539 3526 567 3569 ut
592 3521 615 3571 te
625 3522 710 3571 cherut
725 3521 826 3582 Pegaso,
839 3532 901 3584 pour
912 3519 972 3572 ulter
980 3535 1050 3572 com·

106 3588 245 3637 eontundat
255 3585 364 3635 furtin.»
593 3583 673 3632 battis
687 3584 710 3632 lu
724 3582 849 3633 Chimere.
