2324 3960
398 181 523 233 SIDOINE
541 178 763 233 npotttnntiut.
1013 179 1059 231 itt

89 344 96 357 ,
208 284 277 346 Nam
288 287 329 346 sie
341 282 510 366 precedunt,
525 289 556 342 ut
567 301 632 342 mox
646 289 739 342 tamen
752 283 811 364 ipse
824 301 959 364 sequare3

181 396 184 403 ·
248 364 300 426 Dat
310 374 414 447 partem
429 362 508 443 regni
519 361 608 443 portic
620 361 750 443 martyrii.

207 445 298 507 Natus
308 443 341 506 ad
353 441 533 524 Euphratem,
551 460 600 522 pro
615 441 723 502 Christo
738 441 876 559 erqastula
889 461 996 523 pessus.
1011 457 1059 506 tte

247 523 282 585 Et
292 521 494 605 quinquennat
503 520 610 582 vincula
621 519 681 581 laxa
693 521 766 583 farne
789 569 798 599 ,

208 603 324 677 Elapsus
336 604 394 684 regi
405 601 560 663 truculente
573 599 683 662 Susidis
692 620 757 673 ore,

249 682 403 745 Occiduum
417 699 546 763 properas
558 680 632 741 sulus
645 679 768 761 adusque
780 681 883 743 solum.

209 761 265 824 Sed
277 761 462 824 consessorem
473 760 607 839 virtutupn
618 759 697 840 signa
710 770 879 842 sequuntur:

249 841 452 923 spiritibusque
466 840 546 901 malis
560 839 624 912 fers,
638 839 761 920 fugitive,
777 840 883 924 fugem.
1010 857 1060 906 120

208 924 325 1003 Quique
333 920 424 997 venis,
435 919 573 980 lemurum
586 938 616 980 se
629 919 729 980 clamet
742 919 840 984 cedere
854 920 934 983 turba
949 948 956 982 t

248 1001 392 1063 ecmonus
403 1000 443 1060 ire
453 999 534 1081 jubes
545 998 608 1060 exul
620 998 649 1059 in
665 998 789 1062 exilium.

207 1080 248 1141 Ex
267 1078 477 1151 eteriseunctis,
491 1098 544 1139 nec
555 1089 583 1140 te
596 1078 670 1160 capit
681 1077 801 1142 ambitus
811 1081 887 1143 ullus
895 1106 904 1157 ;

247 1101 295 1223 Est
308 1160 359 1221 tihi
371 1159 478 1221 delatus
512 1163 556 1220 tus
568 1177 702 1220 onerosus
716 1158 816 1220 honor.

207 1240 357 1306 Romuleos
366 1238 480 1329 refugis,
492 1178 712 1320 liprantinosque
723 1238 853 1320 fragores,
1010 1255 1057 1302 tes

247 1326 340 1404 Atque
351 1318 501 1401 sagittifero
516 1318 620 1380 moenia
633 1318 717 1379 fracte
734 1317 797 1379 Tite
806 1324 829 1376 ¹.

208 1404 301 1464 Murus
314 1397 461 1463 Alexandri
471 1401 482 1436 ³
494 1405 522 1459 te
536 1416 593 1459 non
604 1403 693 1474 tenet,
704 1397 891 1481 Antiochique
904 1423 912 1472 ;

248 1479 361 1563 Spernis
374 1477 487 1540 Elisseae
500 1477 609 1559 Byrsica
620 1484 692 1537 tecta
701 1477 800 1538 demde
814 1479 837 1542 ³.

207 1560 281 1623 Rura
296 1557 455 1641 paludicolae
467 1557 568 1618 temnis
580 1556 712 1638 populosa
726 1556 876 1638 Ravennae,

247 1641 281 1703 Et
291 1659 353 1721 quae
364 1637 488 1778 laniqero
499 1641 510 1676 ⁵
523 1636 558 1699 de
570 1655 621 1698 sue
634 1655 739 1698 nomen
751 1637 865 1703 habent.
1009 1656 1057 1702 reu

206 1723 247 1782 An
288 1719 395 1781 insiste
404 1725 510 1809 pacet,
523 1723 758 1800 paupertinusque
770 1738 907 1797 recessus,

245 1741 354 1874 diuersa
368 1818 413 1859 cur
424 1797 517 1860 culmo
530 1797 651 1859 culmina
664 1816 756 1880 pressa
765 1799 865 1863 forent.

206 1879 338 1942 AEdificas
351 1878 397 1939 hic
409 1877 468 1960 ipse
482 1878 540 1940 Deo
550 1876 708 1939 uenerabile
722 1878 869 1960 templum,

244 1959 305 2053 lpse
317 1957 366 2019 Dei
378 1956 512 2038 templum
525 1975 640 2046 corpore
647 1958 718 2018 lacte
728 1958 815 2039 prius.

205 2036 548 2102 Finiticursusisticvitre
568 2054 734 2115 uevraeque,
1009 2053 1056 2098 tus

246 2117 347 2180 Sudori
359 2121 485 2195 superest
498 2056 582 2193 dupla
595 2131 696 2173 curem
707 2121 768 2178 tuo.

205 2198 266 2263 lam
277 2205 305 2256 te
314 2195 494 2254 circumstant
504 2190 622 2272 peradisi
635 2191 722 2250 millia
735 2193 816 2265 sacri,

242 2271 596 2351 Abrahamjamteccmpe
661 2269 724 2330 'nus
736 2270 830 2333 habet.
1077 2331 1081 2337 .

206 2353 268 2414 lam
280 2349 397 2434 patriam
409 2347 574 2430 ingrederis,
587 2368 616 2410 sc
649 2349 684 2410 de
697 2355 752 2430 qut
766 2350 869 2414 decidit
879 2349 967 2413 Adam
980 2373 986 2404 τ

245 2431 306 2493 lem
321 2437 399 2512 potes
412 2429 446 2491 ad
455 2429 562 2493 fontem
573 2428 699 2493 fluminis
715 2428 756 2493 ire
768 2431 808 2494 tui
821 2435 843 2494 ⁶.
1005 2448 1055 2496 ttu

106 2711 242 2774 chrdtiens,
253 2718 279 2762 et
288 2711 344 2761 rint
355 2709 473 2774 juequ'en
491 2709 564 2760 Occi·
598 2711 688 2763 tondes
714 2724 760 2775 par
783 2710 879 2770 Elissa,
898 2708 1052 2760 c'est-tdire

106 2772 166 2822 dent
175 2788 201 2823 se
213 2774 327 2837 refugiet
337 2774 400 2823 dans
409 2774 434 2823 te'
447 2786 509 2836 pays
520 2773 564 2823 des
596 2775 688 2825 Didon.
701 2800 728 2811 -
745 2776 823 2837 Byrsa
832 2772 894 2823 dtait
912 2772 935 2822 le
948 2784 1008 2821 nem
1019 2775 1052 2823 de

106 2835 232 2884 Arvernes
243 2837 276 2884 ou
286 2835 305 2882 it
322 2835 399 2885 tenda
415 2848 451 2883 un
464 2846 563 2884 monas·
596 2836 622 2886 la
631 2835 747 2887 citadellc
758 2837 789 2886 de
800 2835 935 2899 Carthago.

105 2895 173 2954 tere,
183 2896 248 2945 bdtit
262 2908 312 2943 une
328 2896 406 2956 eglise
417 2900 443 2944 et
458 2902 564 2946 mourut
629 2900 742 2959 'nQuae
760 2898 812 2947 iuni
832 2910 891 2962 ero,
907 2904 956 2948 etc.
975 2918 986 2943 ι
1006 2898 1051 2949 les

105 2968 138 3003 en
150 2955 229 3005 odeur
241 2955 272 3004 de
283 2957 398 3026 saintete.
596 2971 748 3024 campagnes
758 2960 789 3010 de
828 2960 1051 3023 itan,‹tllediole-

139 3017 376 3079 ¹«Quinquennnti
390 3014 563 3066 vinculalaxe
596 3034 677 3084 nunu,
699 3039 711 3064 a
733 3022 795 3071 dont
817 3022 988 3095 l’dtymelogie
1013 3030 1054 3074 est

105 3077 183 3142 tame,
204 3098 215 3122 ι
236 3078 279 3128 des
300 3078 404 3128 chatnes
430 3090 479 3149 que
503 3079 561 3142 cinq
598 3083 732 3141 «medius,
754 3084 821 3133 tane.
843 3102 855 3128 ι
879 3086 917 3135 (tn
938 3086 968 3135 ln
988 3086 1053 3135 dans

104 3142 198 3191 anridcs
207 3140 238 3191 de
245 3142 494 3205 privatiunsavarent
503 3153 561 3190 ren·
596 3143 662 3193 saint
673 3145 764 3194 isidore
777 3145 809 3195 de
819 3147 997 3210 serilleloriq.
1009 3160 1050 3209 xv,

103 3203 166 3253 dues
175 3204 258 3253 moins
269 3204 372 3254 tdroites
381 3215 446 3265 pour
457 3203 502 3252 tui.
599 3206 634 3268 t):
647 3224 658 3249 α
672 3207 792 3257 Venatum
803 3209 970 3259 Mediolanum
980 3210 1013 3258 ab
1022 3222 1051 3258 eo

136 3267 147 3295 ²
168 3285 179 3310 ι
199 3265 344 3330 sagittifero
364 3264 459 3315 moenia
481 3266 562 3315 tincta
594 3267 663 3329 qued
675 3267 711 3317 ibi
720 3268 772 3319 suis
787 3269 814 3319 in
831 3272 914 3321 medio
927 3272 985 3320 tana
996 3283 1052 3333 per·

103 3327 357 3379 Tite-Jerusalem.
407 3388 412 3399 .
594 3329 697 3380 hibetur
709 3331 842 3383 inventa.»

136 3390 560 3442 ²«tturusntexanur1.»ntexan-
626 3392 667 3435 ⁶«
688 3393 814 3444 Fluminis
833 3395 871 3445 ire
885 3395 932 3444 tui.
950 3394 995 3444 nil
1017 3407 1049 3445 ue

102 3451 167 3502 drie.
594 3453 649 3504 taut
660 3468 704 3518 pes
717 3456 816 3506 ouhtier
826 3470 876 3519 que
886 3456 953 3506 saint
967 3456 1048 3506 Abra-

137 3513 287 3564 matiscen
309 3514 411 3579 Byrsica
430 3520 496 3565 tecta
513 3514 559 3565 do·
592 3516 656 3566 ham
677 3518 739 3568 dtait
757 3520 789 3568 ne
809 3532 853 3568 sur
871 3519 908 3567 ies
924 3518 999 3568 bor-ds
1017 3518 1048 3567 de

103 3574 162 3626 muts
175 3593 186 3620 ι
199 3575 302 3641 designa
314 3577 440 3640 Carthage
458 3578 502 3640 qui
519 3578 559 3631 tut
592 3577 1048 3644 l'Euphreteetquecetteure-dtait
1082 3628 1086 3637 ,
