2324 3960
420 128 513 178 sllur
528 129 686 180 hunuano.

181 225 253 288 Grex
264 227 408 310 virginalis
421 236 480 289 orel
494 236 524 289 ut
538 227 573 289 de
588 229 666 290 malis

70 326 73 333 ·
181 302 261 368 Saecli
276 308 427 389 praesenlis
444 308 514 369 sicut
528 318 556 370 et
570 308 710 391 sequentis
720 313 743 381 ¹,

168 384 346 468 Eripiamus,
361 396 389 449 et
402 388 476 469 quod
491 390 674 471 postulamus,

338 467 524 549 Accipiamus.

85 660 88 667 =
178 627 374 690 Universorum
387 628 468 690 cunei
482 636 640 690 sanctorum

177 709 253 771 Gelo
267 716 415 789 regnantes
429 708 542 770 audiant
556 715 701 790 rogantem

83 842 88 853 ,
177 788 307 860 Quinum
321 788 407 870 adjuti
422 809 579 849 mereamur
592 789 633 851 uti

338 867 411 929 Luce
426 868 550 950 perenni.

140 1032 143 1037 '
175 1028 280 1091 Omnes
293 1029 383 1102 electi,
403 1037 545 1111 compotes
558 1028 652 1090 effecti

174 1109 247 1169 Vitae
259 1108 356 1181 beatae,
372 1109 523 1169 Dominum
538 1117 643 1190 rogale,

174 1186 259 1250 Nobis
271 1196 304 1250 ut
317 1190 409 1250 laetam
422 1189 506 1250 donet
519 1199 546 1250 et
560 1189 683 1271 quietam

333 1268 439 1330 Ducere
448 1269 546 1331 vitam.

173 1430 286 1497 Praestet
299 1431 426 1493 levamen
440 1430 519 1491 nobis
534 1438 562 1493 et
571 1431 715 1512 juvamen,

172 1510 233 1581 Quo
245 1510 343 1572 mundi
357 1511 458 1572 fluctus
472 1510 662 1593 gehennaeque
677 1510 770 1573 luctus

70 1598 75 1605 '
173 1589 220 1652 Sic
234 1590 382 1653 evadamus
395 1599 436 1664 ul,
450 1591 525 1673 quod
538 1599 723 1674 peroptamus,

332 1670 524 1733 Obtineamus
540 1732 543 1739 ,

150 1842 155 1853 “
171 1829 232 1905 Lux¹
245 1831 421 1913 sempiterna,
435 1831 480 1913 pie
496 1851 547 1894 nos
561 1833 696 1914 guhema,

170 1909 260 1985 Pater,
274 1932 306 1973 ac
319 1921 392 1987 nate,
409 1932 513 1995 parque
527 1913 629 1975 deitate

125 2009 127 2013 ’
170 1989 287 2074 Spiritus
301 2001 406 2066 sancte,
422 1991 497 2054 Deus
510 2012 584 2054 unus
600 2001 665 2054 ante

330 2071 435 2135 Saecula
450 2073 554 2133 trinus.

390 2290 448 2364 ΙΙΙ.
485 2277 756 2376 SEQUENCES.

354 2570 378 2617 Ι.
393 2572 430 2621 ln
444 2570 619 2619 Nativltate
633 2570 764 2619 llomlnl
777 2571 798 2617 ᾖ.

472 2704 653 2763 Laetabundus
664 2705 677 2742 ⁴

400 2777 508 2833 Exultet
521 2777 608 2833 tidelis
624 2777 727 2834 chorus
735 2796 744 2848 ;

472 2848 598 2904 Alleluia.

101 3038 110 3068 ¹
131 3037 231 3088 «secli
254 3038 391 3103 sequentis,
410 3057 421 3082 ι
441 3039 466 3088 la
486 3039 526 3088 vie
586 3041 598 3071 ⁴
616 3041 839 3091 «LaembunduS...
863 3041 1012 3093 miranda.-

70 3101 163 3151 luture.
192 3161 196 3171 Ι
555 3103 601 3152 Les
610 3102 676 3152 deux
686 3104 945 3166 premieresstrophes
954 3117 1014 3153 ren-

98 3162 110 3193 ²
128 3162 268 3221 «Quibus»
288 3177 353 3227 pour
374 3172 425 3214 «ut
448 3165 522 3215 eis.»
554 3165 664 3215 serment
681 3167 793 3216 chaoune
812 3167 873 3217 trois
890 3178 956 3215 vers.
980 3166 1014 3215 Lo

98 3226 110 3255 ⁸
120 3225 153 3273 Le
164 3231 230 3274 texte
240 3225 271 3275 de
282 3233 345 3275 cotto
354 3229 477 3290 sequence
487 3227 526 3277 ce·
573 3228 664 3277 remier
682 3242 738 3278 vers
749 3231 793 3291 qul
811 3243 826 3277 a
836 3234 925 3289 quatre
938 3226 1013 3290 sylla-

70 3287 144 3349 lehre,
156 3286 217 3336 dont
231 3289 253 3337 le
267 3289 388 3350 rhythmo
399 3297 436 3339 est
448 3290 468 3339 si
481 3302 525 3339 re·
553 3241 597 3339 ies
619 3297 657 3340 est
675 3291 707 3339 lie
735 3305 781 3354 par
805 3291 957 3340 l'assonance
980 3302 1014 3339 eu

70 3350 213 3411 merquable
231 3365 277 3414 par
295 3364 340 3400 son
359 3351 521 3415 originalite,
552 3352 682 3403 deuxlerne
696 3367 752 3403 vers
770 3353 840 3415 quia
858 3351 916 3400 huit
937 3350 1015 3415 sylla·

70 3416 103 3461 est
116 3412 165 3461 tire
180 3413 215 3461 du
233 3415 373 3463 manuscrit
384 3420 430 3464 sot
450 3415 481 3465 de
497 3415 523 3464 le
548 3414 592 3465 bes
600 3430 608 3477 ;
621 3415 644 3464 le
656 3416 784 3466 troisieme
799 3427 856 3464 vers
874 3413 940 3461 rime
951 3426 1013 3463 areo

70 3470 238 3537 Bibliotheque
262 3475 298 3525 im
317 3476 394 3526 criale
403 3492 412 3539 ;
431 3490 459 3526 ce
479 3478 522 3540 qui
551 3478 642 3528 levers
653 3477 853 3540 correspondent
865 3475 1013 3538 deposne-

85 3546 134 3583 ous
148 3540 271 3599 apermle
306 3538 357 3588 ela
374 3539 522 3603 completor.
551 3540 602 3604 phe
623 3540 749 3590 suivante.
