2324 3960
99 159 144 208 244
380 159 496 210 PAULiN
513 157 555 208 DE
571 147 764 208 PERIGUEUX.

197 258 268 330 Quid
280 279 337 321 non
351 259 419 322 livor
430 262 511 342 agat!
529 258 624 320 Prodit
638 267 725 339 pater,
742 276 872 340 armaque
886 261 951 318 nato

159 340 310 422 ,ingerit
322 340 382 402 Heu
395 347 401 403 !
415 340 482 401 tanti
492 339 580 422 pietas
590 338 672 401 oblita
687 339 798 421 pericli!
912 410 915 415 1
1020 352 1056 397 ou

197 418 271 490 Quin
286 421 387 502 potiris.
398 421 421 481 si
433 440 517 502 quem
533 419 629 500 recipit
642 439 721 480 mens
733 438 813 480 saxea
825 437 949 488 sensum,

198 499 286 561 Cerne
301 500 346 582 pio
357 502 466 563 tantum
480 519 541 583 quac
556 500 673 581 gesserit
686 500 779 561 omnia
788 494 876 560 icto:

200 578 231 640 Si
242 580 313 642 bona
324 589 398 653 sunt,
416 581 524 642 imitere
536 579 640 642 libense
652 580 696 640 sin
710 579 805 654 ardua,
819 576 919 662 gaude.

199 659 323 722 Vincitur
337 660 437 725 Christi
453 661 531 722 miles
545 680 594 741 pro
600 659 686 722 milite
696 660 769 721 secli
783 665 790 699 ¹

200 739 256 801 Sed
266 761 345 802 mens
355 761 411 803 non
425 740 556 816 trahitur,
568 759 620 802 neo
630 760 677 801 cor
690 760 755 801 cum
769 759 850 801 carne
862 739 970 821 ligatur.
1022 753 1056 797 oo

199 819 275 881 Vane
285 821 404 882 tirocinii
417 829 483 883 sunt
494 821 627 882 nomine:
643 819 742 880 militat
755 820 822 880 olim

198 900 251 972 Qui
266 909 361 983 captus
374 900 475 983 proprii
487 920 533 982 per
548 899 668 981 plurima
680 900 774 980 praelia
794 900 867 982 regis
880 904 904 977 ²,

198 980 271 1041 Vicit
283 981 422 1043 avaritiam
433 980 636 1063 debellavitque
649 980 795 1062 superbam

199 1060 364 1135 Luxuriem:
379 1067 515 1143 prostrata
525 1061 599 1140 jacet
609 1061 667 1141 jam
681 1060 783 1121 viribus
795 1059 878 1140 bujus

200 1140 332 1214 Ambitio,
345 1149 372 1202 et
384 1140 494 1201 firmam
508 1140 579 1221 fugit
589 1140 666 1202 furor
679 1138 716 1201 ira
739 1160 773 1200 ue
785 1146 917 1210 mentem,
1025 1154 1059 1200 ou

204 1219 402 1303 Excedcnsque
414 1238 512 1282 omncs
524 1220 631 1283 funesta
641 1161 768 1302 superbia
779 1219 882 1303 culpas.

242 1379 335 1442 Unum
346 1399 395 1462 pro
430 1399 509 1442 essus
519 1378 625 1441 socium
634 1378 687 1440 sibi
698 1379 744 1440 vix
758 1378 824 1440 sinit
838 1378 878 1439 ire

202 1459 264 1522 Non
275 1479 386 1541 operee
407 1460 543 1533 strictum,
558 1459 605 1521 sed
618 1459 709 1522 sabim
727 1460 840 1521 nomine
853 1477 974 1520 servum.

203 1542 227 1600 0
247 1539 313 1600 felix
326 1543 350 1616 Β,
364 1540 409 1601 cui
421 1540 478 1600 'tale
486 1540 587 1621 jugum
598 1548 655 1601 tem
666 1547 742 1621 grata
754 1538 858 1620 paravit

203 1618 343 1691 (lauditio,
358 1630 391 1680 ut
399 1619 434 1679 de
447 1628 522 1679 sorte
532 1623 579 1680 tut
593 1618 760 1680 contendere
772 1627 863 1680 tecum
1027 1633 1060 1677 45

204 1697 342 1758 Nobilium
353 1698 461 1779 possint
480 1698 610 1758 certantia
624 1707 685 1758 vota
697 1699 835 1759 virorum!
891 1756 900 1770 ,

204 1776 273 1838 Nam
284 1777 332 1838 tibi
347 1777 462 1858 subjecti
476 1777 560 1839 servit
573 1777 680 1839 devotio
690 1778 792 1839 sancti:

204 1857 280 1917 idem
291 1856 411 1930 habitus,
428 1876 517 1938 parcae
530 1857 687 1920 communis
701 1858 777 1940 copia
791 1877 904 1920 mensae.

204 1936 255 1998 Hic
264 1937 339 2080 prior
352 1936 502 2029 obsequiis,
513 1956 549 1998 ne
564 1937 661 1999 saltem
673 1942 683 1977 ⁸
694 1958 807 2000 noscere
820 1941 905 2019 possit

203 2016 263 2081 Prae
275 2027 351 2081 atum
361 2018 473 2083 dommo
488 2018 592 2102 quaevis
601 2018 712 2082 solertia
726 2039 848 2082 servum.
943 2047 946 2051 ·
1026 2036 1059 2078 ru

245 2198 315 2262 Huic
321 2199 379 2282 jam
394 2220 459 2263 cum
470 2201 581 2284 paribus
594 2219 656 2283 quae
667 2201 764 2284 gratia,
776 2202 915 2283 quemque
925 2196 1050 2261 modesti·

205 2279 282 2420 ipsos
295 2282 455 2344 subdiderat
470 2281 581 2345 dilectio
596 2301 659 2343 rere
674 2281 779 2363 priores
789 2283 814 2341 ⁵!

230 2381 276 2421 oni
291 2362 491 2425 sumendorum
504 2361 638 2423 districtio
649 2369 752 2441 quanta
765 2361 889 2422 ciborum
901 2364 924 2437 ⁶,

206 2439 247 2502 Ne
259 2440 379 2503 distenta
393 2442 479 2502 citum
489 2441 617 2501 vitiarent
629 2440 733 2498 viscera
744 2459 866 2509 sensum,

206 2519 262 2581 Nec
269 2528 408 2611 premeret
420 2519 532 2600 vigilent
546 2516 733 2578 membrorum
745 2517 849 2575 sarcina
868 2525 1002 2589 mentem,
1026 2536 1059 2580 no

203 2598 242 2671 lit
251 2599 337 2661 divisa
351 2603 361 2638 ⁷
374 2598 450 2678 inopi
464 2593 598 2677 praeberet
609 2614 642 2654 co
660 2594 686 2652 ia
701 2602 817 2673 partem,

166 2750 183 2779 ο
207 2678 330 2759 Quaeque
340 2695 427 2765 unum
436 2674 576 2746 obrueret,
594 2612 694 2733 medus
707 2668 843 2732 refoveret
854 2676 1014 2750 utrumque.

146 2913 154 2943 ¹
170 2908 321 2969 «Vincitur,
335 2925 347 2951 n
358 2914 397 2958 est
405 2905 582 2979 enchaiue.7-,
600 2907 685 2958 habile
697 2922 761 2981 pour
771 2907 914 2975 distinguer
923 2909 958 2959 du
966 2910 1058 2961 matare

114 2968 571 3040 «Promititesaecli‚»pour(doven1r)
600 2970 624 3021 le
640 2978 765 3023 servitour
776 2973 820 3035 qui
838 2980 876 3026 est
888 2974 937 3024 mis
955 2987 988 3023 au
1005 2975 1059 3024 des-

115 3045 150 3083 nn
162 3032 242 3082 soldat
253 3030 288 3080 du
300 3033 384 3081 slecle.
601 3047 645 3084 sus
658 3035 692 3084 du
703 3036 805 3087 mettre.

144 3095 156 3125 ⁹
170 3113 181 3139 a
193 3093 286 3156 Captus
302 3107 347 3156 per
364 3093 476 3156 plurima
485 3093 573 3158 praelie
633 3097 668 3141 δα
682 3098 792 3159 Priores,
804 3118 815 3143 n
827 3099 979 3162 superieurs.

115 3156 195 3219 regis.
217 3175 227 3200 υ
248 3157 345 3220 engege
368 3157 431 3206 dans
449 3157 480 3207 de
501 3171 574 3208 nom·
632 3158 1059 3225 ⁶nDistrictioeiborom,»sobridtd

114 3219 194 3269 breux
205 3218 317 3269 combats
333 3232 395 3283 pour
406 3219 428 3269 le
444 3221 491 3282 roi,
509 3234 573 3284 pour
602 3222 664 3271 dans
676 3222 712 3271 les
722 3236 804 3286 repas.

115 3281 292 3332 desusChrist.
634 3284 668 3328 'o
690 3284 721 3334 Ut
739 3285 818 3334 divisa
844 3285 913 3348 inopi
936 3287 1060 3350 praeberet

147 3346 179 3389 ³«
188 3344 278 3394 Felix»
291 3343 480 3407 (sous-entendu
494 3363 505 3388 «
519 3357 572 3395 scr·
601 3345 673 3408 copia
692 3353 801 3410 partem,
824 3355 884 3410 eto,
896 3369 907 3392 »
929 3363 961 3398 cn
994 3357 1060 3399 sorte

116 3407 207 3472 rues).
601 3408 675 3471 qu'en
697 3416 845 3473 partageant
863 3424 891 3460 sa
914 3418 970 3474 part
991 3411 1059 3460 d'ali-

148 3472 159 3501 ⁴
172 3490 183 3515 n
194 3471 230 3519 Ne
242 3468 341 3532 saltem,
359 3475 417 3533 etc,
430 3487 441 3512 n
461 3482 493 3519 en
507 3476 574 3519 sorte
603 3477 685 3520 ments
700 3471 719 3519 ir
729 3485 759 3522 on
772 3471 857 3523 offroit
869 3473 892 3522 la
902 3474 988 3527 rncitid
999 3475 1013 3522 a
1025 3489 1060 3529 un

117 3547 166 3597 qne
176 3545 299 3601 personne
308 3545 339 3585 nc
347 3530 575 3583 saureireueassez
604 3546 707 3605 panvre.
