2324 3960
479 170 652 239 nnunnnci.
999 176 1043 222 ici

233 274 317 337 Mirer
368 273 402 337 dd
415 275 507 358 ipsum
518 292 575 336 non
589 271 702 335 sacratis
715 270 870 335 Memorem
884 276 907 348 ¹,

192 354 249 417 Nec
262 363 337 439 temp
350 376 398 419 um
410 363 438 417 ct
449 375 509 417 aras
522 357 581 438 ipse
594 353 707 415 Phidias
721 359 732 391 ³
747 351 843 432 habet,
867 354 873 363 '

192 434 272 497 l'abri
283 436 409 511 deorum,
423 434 467 497 vel
481 441 608 518 parentes
619 432 785 497 numinum:

191 514 245 586 Qui
254 516 277 577 si
289 516 405 578 caminis
418 516 583 578 institissent
595 515 719 597 segnii'is,

191 594 255 658 Non
268 604 341 660 esset
353 596 426 659 ullus
436 595 543 679 Jupiter
552 594 710 658 conflatilis.

231 755 295 819 Non
309 755 461 834 enibescis,
477 755 569 827 stulte,
589 774 660 838 pago
672 754 763 818 dedite
774 761 797 834 ¹,

190 839 230 901 Te
243 846 319 899 tanta
329 857 440 920 semper
453 836 604 919 perdidisse
619 835 752 898 obsonia‘t

192 918 262 993 Qiae
272 916 342 980 lllsl
356 917 467 999 ineptus
475 914 600 977 obtulisti
609 915 721 990 talibus,

192 998 268 1070 Quos
280 997 372 1072 trulla,
391 997 491 1080 pelvis,
505 994 666 1074 cantharus,
682 996 844 1079 sartagines,

191 1078 286 1143 Fracta
298 1087 327 1141 et
339 1078 443 1159 liquata
456 1075 650 1139 contulerunt⁵
663 1078 782 1140 vascula.

232 1240 350 1324 Ignosco
362 1238 445 1301 saluis
456 1237 517 1301 haec
530 1246 625 1301 tamen
637 1238 808 1330 vulgaribus,

193 1320 267 1392 Quos
280 1321 344 1383 lana
356 1327 441 1382 terret
454 1318 582 1381 discolori
592 1320 620 1381 in
632 1320 726 1400 stipite
740 1324 763 1392 ⁸,

194 1400 268 1473 Quos
288 1420 362 1484 saepe
376 1399 461 1463 salsus
475 1399 622 1461 circulator
635 1398 736 1480 decipit
750 1420 758 1458 ε

194 1479 298 1551 Quibus
311 1501 396 1542 omne
409 1490 536 1542 sanctum
547 1486 600 1554 est,
613 1479 688 1561 quod
699 1477 857 1562 pavendum
871 1480 991 1545 rancidae

81 1622 85 1627 .
193 1559 392 1623 Edentularum
404 1560 550 1623 cantilenae
560 1558 708 1623 suaserint.

236 1717 290 1782 llus
301 1718 424 1782 eruditos
438 1680 562 1781 mimici
573 1718 669 1783 doctos
682 1720 767 1796 viros,

199 1801 336 1891 Perpensa
349 1800 418 1892 ritae‘
427 1820 497 1892 quos
512 1799 648 1881 gubernat
659 1801 769 1884 regula,

198 1877 320 1954 Nescire,
335 1880 378 1942 vel
391 1880 484 1942 divina
494 1881 538 1941 rel
553 1880 679 1942 mortalia

198 1956 273 2051 Ques
283 1959 345 2052 jure
358 1967 484 2022 constent
497 1982 504 2021 :
521 1968 624 2043 quanta
635 1964 764 2044 majestas
776 1969 853 2054 repat

198 2038 335 2122 Quicquid
348 2048 473 2103 creatum
484 2048 536 2116 est,
552 2061 615 2124 quae
627 2042 730 2104 creavit
740 2061 843 2105 omnia.
866 2102 868 2107 .

238 2197 312 2261 ltcus
325 2199 467 2291 perennis,
483 2218 527 2261 res
539 2196 749 2271 inaestimabilis,

198 2275 259 2339 Nun
273 2279 432 2360 cogitando,
446 2298 504 2341 non
516 2276 635 2340 ridendo
648 2276 784 2338 clauditur
801 2300 807 2336 :

201 2357 315 2420 Excedit
324 2379 437 2421 omnem
451 2358 553 2422 mentis
568 2356 699 2420 humanae
710 2354 827 2419 modum
841 2357 865 2432 ⁷,

181 2450 184 2455 '
202 2435 257 2500 Nec
275 2438 473 2521 comprehendi
482 2439 587 2501 visibus
600 2440 611 2474 ⁸
626 2438 727 2501 nostris
739 2436 824 2510 valet,

203 2516 339 2601 listraque
351 2529 379 2582 et
390 2520 465 2583 intus
476 2519 573 2603 irnpl'et
585 2525 609 2596 ⁹,
627 2539 659 2582 ac
668 2517 824 2601 superfluit.

138 2763 146 2795 ¹
169 2783 181 2809 ε
202 2763 351 2828 Memorem,
373 2787 385 2815 i
405 2768 563 2834 demones·
591 2770 638 2820 Les
648 2769 792 2820 churlatans
804 2766 931 2831 portaient
943 2778 994 2815 une
1006 2778 1050 2815 es·

103 2824 172 2877 lehre
230 2844 374 2895 veurgrec.
591 2832 702 2897 perede
725 2831 842 2894 baguette
863 2829 947 2879 uude
974 2828 1051 2879 baton

134 2890 146 2921 ²
164 2891 183 2938 P
202 2890 273 2956 idias,
284 2894 414 2965 sculpteur
427 2906 487 2957 grec
501 2893 563 2943 tres-
592 2895 663 2958 print
681 2893 711 2943 dc
732 2892 878 2942 differentes
897 2891 1015 2941 cculenrs
1026 2899 1051 2943 et

102 2951 200 3002 celebre
221 2955 264 3017 qui
283 2956 364 3006 vivait
387 2970 444 3006 vers
457 2955 505 3004 l'an
516 2957 563 3004 448
592 2957 654 3006 orne
663 2956 738 3006 d'une
750 2955 893 3005 handelette
903 2954 934 3005 de
947 2954 1022 3004 laine.

101 3023 178 3064 avant
194 2991 373 3089 desueChnsr.
384 3018 404 3067 ll
416 3018 506 3067 diune
516 3024 565 3066 sta-
626 3019 637 3049 ⁷
656 3037 667 3062 i
688 3017 800 3081 Modum,
823 3035 835 3061 i
859 3030 971 3080 mesure,
992 3029 1052 3080 por-

102 3080 146 3127 tue
165 3076 195 3127 de
214 3079 323 3142 tupiter.
342 3083 385 3142 qui
407 3092 479 3144 passa
499 3091 565 3143 pour
593 3080 642 3131 tec.

101 3150 153 3189 une
165 3139 209 3191 des
219 3141 406 3192 merveillesdu
420 3141 522 3192 monde.
626 3139 1054 3206 ⁸«Comprehendivisibusnsaint

135 3203 147 3232 ²
166 3220 178 3246 i
193 3204 260 3266 Pago
269 3203 363 3266 dedite,
377 3222 389 3248 i
402 3209 487 3269 pelen.
594 3203 664 3265 Jean,
684 3205 729 3254 Ev.
744 3205 785 3255 ch.
802 3219 820 3266 i,
835 3218 861 3254 r.
881 3206 911 3253 18
922 3220 953 3252 :r
970 3202 1053 3250 Deum

133 3263 146 3296 ⁴
164 3265 249 3324 1011ae
269 3284 280 3309 ι
294 3279 309 3314 a
323 3279 395 3329 pour
415 3266 566 3317 antecedent
594 3280 671 3317 nemo
681 3267 746 3317 vidit
757 3279 880 3330 unquam.
895 3283 907 3308 ι

103 3344 116 3371 ι
126 3325 263 3377 obsoniari
284 3352 315 3365 -
340 3347 351 3372 ι
375 3328 436 3392 Diis,
450 3347 461 3373 i
475 3341 564 3378 mono·
626 3330 637 3360 ⁹
656 3349 667 3374 ι
682 3331 809 3391 {extraque
818 3336 844 3378 et
853 3327 923 3375 intus
930 3323 1028 3387 implet,
1040 3343 1052 3367 i

101 3389 206 3453 spllebe.
594 3391 614 3440 il
626 3392 729 3455 remplit
749 3396 804 3440 tout
824 3387 963 3439 au-dedaus
973 3391 1001 3456 et
1010 3398 1055 3435 au-

134 3454 146 3481 ⁸
164 3470 175 3495 ι
189 3451 368 3518 mutilarunt,
379 3472 390 3497 i
402 3460 447 3505 ont
470 3453 564 3516 turine,
595 3454 695 3527 dehors.
706 3454 778 3526 §nint
790 3450 885 3522 llilaire
894 3448 925 3498 de
939 3447 1054 3505 PoitierS,

102 3518 148 3605 ond
159 3514 316 3641 persippppetgn
334 3577 466 3643 linguens,
477 3556 563 3630 bdtcn.
595 3519 783 3630 ddrdddidtid
793 3509 1055 3635 dliiiddiisdpddsdstexi

144 3660 285 3727 Caenina.
949 3661 976 3722 'i
1066 3652 1100 3750 1
