2324 3960
364 150 493 205 iuduunt
506 151 661 203 AUCTORE
676 151 818 205 CARMEN.
1027 153 1068 204 151

218 254 274 317 Aut
283 268 341 316 nou
351 251 506 334 effugerent
516 251 628 315 ultrices
640 250 759 317 crimine
769 270 878 335 poenrs,
1036 260 1068 304 ee

176 408 181 417 Ι
256 333 312 395 Aut
322 331 410 396 uirtus
423 332 503 397 terris
513 331 572 395 colu
584 342 693 416 reperte
705 331 814 395 iocoue
834 394 838 401 ,

215 496 291 559 Talia
301 514 391 580 quum
403 495 511 559 iuoiiis¹
526 495 602 579 vulgi
615 504 779 580 spargentur
789 495 821 561 in
833 516 915 560 eures

254 576 344 649 Quem
356 577 453 639 muttit
465 575 581 639 rudibus
594 576 687 659 lingue
702 576 825 660 maligne
836 580 932 641 uocet!

214 656 273 719 Nee
285 664 376 719 tentus
389 657 469 720 dolor
479 664 522 719 eet
534 656 672 738 Scythicis
684 658 843 719 consumier
855 658 952 733 ermis,

254 735 538 809 Quanturrbinfrdie
548 736 676 799 cordibus
690 739 741 799 ieta
753 739 835 801 seri‘.
1035 754 1068 798 eo

215 817 314 878 Prome
327 817 412 899 igitur
423 817 525 879 eunctis
538 817 659 880 ooeiostie
671 816 726 879 telo
743 816 895 899 pheretrier

101 912 104 917 ·
253 897 288 958 Et
301 896 417 959 medicis
430 896 539 959 hostem
552 894 661 959 confice
673 896 852 961 uulneribus:

215 976 296 1038 Forte
308 976 394 1059 aliqui
406 983 536 1058 poterunt
546 996 671 1039 errorum
683 976 799 1039 evadere
809 985 932 1051 noctem

253 1055 341 1139 ioque
353 1052 440 1131 niem,
453 1057 513 1119 vise
525 1056 599 1131 luce,
613 1056 717 1120 referre
727 1057 840 1141 pedem

249 1238 274 1293 Ι.
289 1242 336 1293 De
350 1242 538 1293 domnoc
552 1244 594 1292 Co
608 1242 708 1302 litem,
724 1246 757 1293 et
772 1245 813 1294 de
832 1245 868 1294 1⁸
882 1243 1029 1295 metten

546 1308 593 1357 ctu
607 1308 736 1359 mondo.

212 1447 567 1524 &coeterorumque
581 1455 705 1529 tempore
738 1448 808 1509 nece
822 1446 955 1523 revolvas,
975 1484 980 1490 ·
1032 1457 1064 1502 9⁵

210 1526 390 1592 Feeeomnoc
399 1528 627 1607 semereiie'um,
641 1547 695 1591 nec
725 1526 855 1591 ciuitutii

210 1607 361 1669 Auctorem
373 1616 472 1671 nutum
485 1606 605 1681 doeens;
616 1615 645 1671 et
657 1608 682 1670 si
695 1608 798 1691 impius
809 1629 896 1683 error,

210 1687 325 1761 Amisit,
334 1689 429 1751 moitis
441 1688 574 1761 tribuens,
587 1690 664 1771 quod
677 1689 771 1753 debuit
781 1689 830 1751 uui
836 1708 847 1771 3

210 1764 339 1828 Innatum
350 1775 393 1830 est
403 1769 509 1830 eunctis
523 1769 679 1851 genitorem
695 1788 847 1851 agnoscere
861 1786 968 1831 venun.

210 1845 261 1908 Hie
275 1856 385 1911 auctore
396 1858 531 1911 recenset
545 1857 680 1931 tempore,
690 1858 833 1933 permonet
845 1849 920 1910 idem
1013 1866 1062 1912 roo

208 1925 336 2008 Semper,
348 1934 376 1989 et
385 1926 554 1990 immensum
569 1949 627 1989 non
640 1924 741 1992 seecuie
752 1949 805 1991 neo
815 1928 875 1990 loce
889 1928 1031 1993 claudunt.

207 2004 270 2079 Hie,
285 2007 370 2069 nullis
383 2008 481 2071 muudi
495 2008 585 2071 cousin
598 2009 779 2089 exstantibus,
789 2008 819 2069 iu
831 2028 863 2091 se

208 2084 346 2168 Quidquid
359 2088 441 2151 vellet
452 2086 568 2162 hebens,
582 2109 670 2171 quum
688 2088 780 2151 risum
795 2092 864 2164 est‘,
878 2088 970 2150 omnia
983 2088 1059 2151 solus

125 2224 129 2241 ι
207 2165 339 2228 Condidit
351 2175 383 2229 ut
394 2166 492 2248 noluit,
506 2168 619 2244 formes,
632 2188 829 2250 numerosque,
842 2167 1009 2250 modosque,

206 2244 241 2307 Et
249 2266 361 2328 genero,
373 2255 402 2309 et
416 2248 485 2311 vites
501 2256 624 2311 statuens
636 2255 666 2311 et
677 2248 785 2311 semiue
798 2247 891 2309 rebus.
1012 2266 1060 2310 roe

205 2401 345 2486 Quidquid
359 2404 433 2467 inest
443 2404 527 2482 coelo,
542 2402 680 2491 quidquid
692 2404 827 2490 teneque
840 2402 996 2488 murique⁶,

116 2512 120 2519 ’
204 2481 345 2566 Quidquid
358 2504 536 2568 quocumque
548 2495 591 2549 est
601 2488 631 2550 iu
642 2507 767 2571 corpore,
780 2486 840 2549 siue
852 2484 1017 2560 animatum,

204 2560 271 2624 Sive
284 2584 382 2647 expers
395 2566 506 2643 enimae,
523 2566 622 2643 calide,
633 2567 760 2641 humide,
773 2564 882 2647 frigide,
895 2566 978 2640 sieoe,

204 2640 266 2705 Uno
279 2650 390 2706 exstant
402 2654 515 2709 auctore
526 2646 605 2709 Deo:
621 2647 671 2729 qui
685 2646 774 2709 divite·
784 2644 874 2711 Verbo
882 2646 905 2720 ⁸,

203 2718 283 2862 quood
296 2723 372 2801 Deus
383 2733 435 2797 est,
446 2745 540 2787 rerum
553 2735 676 2801 naturas,
691 2734 774 2809 etque
788 2725 924 2801 elemento
1011 2744 1058 2789 rro

226 2802 331 2879 rotulit,
346 2811 375 2868 et
387 2805 506 2875 summis
520 2806 612 2888 opifex
621 2806 746 2875 intentus
759 2812 788 2870 ct
801 2806 879 2869 imis.

241 2960 300 3026 Nec
317 2964 386 3027 mihi
400 2965 441 3029 ies
454 2964 558 3028 dixisse
571 2966 677 3051 aliquid
690 2986 747 3030 uon
758 2965 810 3029 rire
824 2973 957 3041 ereetum,

200 3042 257 3106 dut
270 3043 343 3109 ullus
355 3046 446 3109 ausim
458 3045 556 3109 mundi
566 3043 771 3131 reprehendere
784 3056 889 3130 partes,

134 3230 143 3262 ¹
163 3230 286 3295 «emilis,
298 3249 310 3277 ι
321 3231 418 3283 recitet
436 3239 562 3299 tromper,
623 3235 635 3268 ⁴
661 3254 672 3281 ι
691 3237 826 3301 Terrreque
851 3235 977 3298 uruntque,
1002 3248 1057 3283 ruo

100 3292 215 3344 credule.
592 3296 674 3362 derit,
698 3304 723 3350 et
743 3301 798 3364 regi
815 3312 915 3350 comme
936 3316 947 3341 ι
970 3296 1055 3346 coelo·

133 3354 145 3387 θ
163 3374 177 3400 ι
195 3354 291 3418 scrip
314 3354 423 3408 infinitis
440 3356 521 3422 passu
535 3357 565 3409 do
594 3360 759 3424 parleremo
771 3382 782 3408 r
793 3362 893 3411 inest.»

100 3434 113 3461 ι
123 3418 312 3482 scro,is,orc,·
328 3428 420 3481 remer,
430 3431 568 3485 propaget.
627 3423 638 3452 ⁸
656 3442 668 3469 α
685 3421 769 3474 Divite
787 3422 905 3484 Verbo·
921 3417 1004 3470 Verbo
1021 3419 1057 3471 dd-

100 3476 143 3589 m*
161 3477 357 3593 clopumvioum
374 3482 568 3545 ert-toroque
596 3483 847 3551 oond‚iudpuisrbte.
