2324 3960
519 210 609 259 salls'l'
626 206 713 260 all'l'l'.

238 306 290 370 Cul
305 306 384 371 Pater
401 330 407 367 τ
426 332 441 369 o
451 309 583 387 Alternis,
597 311 696 393 inquit,
709 328 784 372 nunc
798 310 921 385 auribus7
936 318 962 373 el
977 318 1008 373 tu
1041 326 1091 374 395

238 387 340 471 Accipe
352 388 419 470 quid
431 410 565 467 mereare,-
577 391 644 452 levis
655 411 740 472 quern
752 390 855 452 femina
866 390 943 453 vicit.
1011 428 1015 435 ·
1044 402 1047 407 '

237 467 382 550 lmpolluta
395 469 471 551 pribs
486 469 601 561 pulchro
616 470 668 531 sub
678 470 804 552 germine
814 470 911 550 tellus,

235 546 298 609 Non
309 549 367 639 jam
379 549 434 611 lida
448 559 524 622 sans,
539 570 592 611 nec
603 570 671 630 puro
685 550 793 612 semine
807 551 937 633 simplex,
966 610 969 614 ,

237 628 354 690 Pristrna
366 630 529 692 monstrabit
543 639 703 711 coemptum
718 638 793 713 terga
842 632 982 695 rorbem¹

236 707 320 769 Ercm
342 708 425 791 loque
436 715 500 771 tuo¹
512 730 622 792 semper
633 708 763 771 tibiterra
777 731 806 771 rc
826 711 925 790 ellam,

236 730 371 871 lleprilus
381 809 413 850 ac
428 789 534 851 tribulis
545 798 649 851 armata
659 789 786 852 resistere
798 789 896 854 discet.

237 868 292 929 Aur
306 868 329 930 si
342 869 400 931 fran
421 871 479 931 enti
492 869 594 932 cedens
607 869 765 931 succumbit
777 879 876 947 aratro,

236 945 362 1011 Vomeris
377 970 391 1010 a
442 970 459 1011 o
473 949 595 1013 mordaci
608 949 691 1011 dente
702 949 826 1023 subacta,

234 1027 351 1111 Pinguia
365 1029 504 1120 decipient
514 1031 630 1092 mentito
643 1029 769 1111 germine
782 1031 867 1091 culto.

232 1104 302 1168 Nam
316 1130 365 1191 pro
378 1110 486 1172 triticeo
499 1108 597 1171 lolium
609 1128 775 1191 consurgere
788 1109 889 1184 fructu,

232 1187 268 1249 Et
277 1188 356 1250 fictas
367 1197 474 1272 segetes
487 1209 642 1271 vacuasque
654 1189 761 1251 dolebis
773 1191 880 1269 aristas,

234 1265 282 1329 Sic
294 1276 324 1330 ut
338 1268 383 1331 vir
398 1276 509 1331 centurn
524 1271 678 1351 producant
687 1268 785 1350 jugera
799 1289 910 1352 panem,

235 1346 343 1411 Sudore
355 1348 467 1419 assiduo¹
479 1349 570 1411 nitens
585 1368 669 1431 quern
681 1355 774 1419 sumat
787 1357 894 1431 egestas
904 1354 927 1425 ³,

235 1425 449 1512 illecebramque
459 1428 513 1492 cibi
527 1428 643 1510 pmnolis
654 1427 775 1490 vindicet
786 1449 859 1491 esce.

236 1506 383 1591 AEqualem
395 1509 484 1571 brutis
497 1508 599 1571 facient
609 1507 657 1570 tihi
671 1508 769 1590 pabula
784 1510 883 1583 vitam,

235 1586 269 1648 Et
280 1588 363 1650 simul
376 1588 524 1651 herbarum
538 1609 645 1661 succos,
678 1598 823 1670 astumque
833 1586 965 1670 requires.

234 1665 400 1729 AEmmnosa
415 1669 463 1731 diu
474 1608 705 1731 servunculus
717 1676 783 1731 aetas
799 1694 806 1730 z

233 1744 328 1829 Donec
339 1748 529 1830 praescriptum
543 1756 647 1831 ponent
660 1748 710 1809 tibi
724 1748 824 1811 saecula
834 1748 931 1822 finem,

233 1823 269 1887 llt
280 1833 419 1909 compacta
434 1827 493 1889 luto
503 1847 614 1889 rursum
626 1826 766 1890 solvantur
783 1828 812 1889 in
826 1828 915 1890 gud»
932 1896 935 1901 ,

234 1902 368 1979 Membra,
382 1906 521 1990 simulque
533 1908 588 1969 levi
601 1907 653 1969 fias
665 1907 700 1969 de
713 1908 825 1990 puluere
839 1907 938 1990 pulvis.
1034 1920 1085 1970 lle

233 1985 307 2049 Aule
318 1992 413 2050 tamen
424 1988 524 2059 durum
538 1988 596 2049 nati
608 2008 774 2069 precurrere
786 1987 893 2049 lethum

235 2064 404 2149 conspicies,
419 2088 572 2151 poenasquc
584 2076 647 2129 tuas
660 2068 689 2129 in
700 2068 778 2150 prole
789 2066 904 2138 ridebis,

233 2144 270 2209 Ut
283 2148 431 2211 metuenda
445 2149 533 2233 magis
547 2155 675 2211 cernetur
690 2148 787 2210 mortis
800 2147 904 2229 imago,

232 2229 365 2291 Pecclsse
378 2248 512 2313 agnoscas
525 2229 592 2311 quid
606 2230 651 2303 sit,
668 2227 735 2319 guid
749 2234 857 2289 mortua
871 2224 942 2298 lleri,

231 2306 337 2379 Quidve
350 2310 483 2373 murillo
495 2330 531 2372 ne
544 2308 612 2392 quirl
622 2308 695 2370 desit
706 2307 757 2369 tibi
768 2307 837 2368 forte
848 2306 994 2379 malorum,
1033 2322 1087 2370 tto

232 2386 300 2458 Quae
313 2389 478 2472 castigandis
489 2394 499 2429 ⁵
513 2395 658 2479 cormptus
671 2387 788 2468 parturit
798 2387 884 2461 orbis,

232 2469 329 2530 Acrior
343 2469 481 2531 immenso
492 2468 651 2529 miscebitur
663 2467 702 2527 ira
717 2465 816 2528 dolori.

231 2545 302 2607 Nam
316 2568 403 2629 quum
416 2549 503 2631 prima
516 2546 566 2607 tibi
580 2545 731 2634 producent
742 2551 865 2683 temp-ora
880 2551 968 2616 natos,

231 2624 314 2687 Livor
327 2626 398 2688 edax
411 2633 485 2687 arcto
497 2624 612 2685 certabit
624 2622 711 2683 limito
725 2640 793 2682 mun
814 2642 833 2694 r,
851 2657 854 2661 ·

230 2704 288 2766 Nec
296 2705 354 2786 jam
366 2704 485 2767 sufficiet
494 2721 597 2763 vacuus
611 2699 784 2761 conflictibus
798 2699 882 2773 orbis,

230 2783 354 2865 Totaque
368 2784 487 2845 fraterno
500 2799 650 2862 congressu
665 2787 736 2839 terra
751 2779 901 2848 tremiscet,

230 2863 306 2925 Alter
320 2863 350 2924 in
363 2860 475 2925 alterius
488 2866 638 2942 consurget
648 2858 762 2935 uulnera
776 2859 870 2940 frater,

169 3095 177 3127 ¹
191 3091 364 3145 conuenisse:
376 3092 486 3145 «Tellus
507 3090 590 3157 (non)
628 3096 694 3142 mat.
710 3111 722 3137 ι
744 3093 871 3157 «Egestas
889 3096 973 3142 sumat
988 3089 1082 3151 utqui·

136 3157 287 3209 monstrabit
298 3156 485 3221 prtstinaterga
495 3170 541 3221 per
550 3169 591 3206 or·
627 3161 689 3204 veut
700 3156 715 3204 a
728 3168 846 3265 «egenus
855 3166 971 3223 sumas.-

135 3220 195 3273 bem
204 3226 363 3284 corruptum.
376 3239 388 3264 ι
660 3217 671 3248 ⁴
686 3218 762 3269 «lnrl
774 3218 807 3267 nd
817 3236 828 3261 ι
837 3211 1078 3283 poumanlutum.»

167 3282 342 3348 ’tExempto
358 3288 438 3335 tuo.»
469 3281 504 3332 la
524 3287 591 3333 terre
661 3280 695 3325 ⁸«
713 3281 773 3339 Quae
791 3273 980 3344 caeligenum.»
1008 3275 1078 3328 etc,

135 3359 192 3399 scra
203 3346 296 3400 rebelle
312 3344 471 3408 bl'homme,
491 3357 590 3395 comme
628 3340 806 3395 sousentendu
823 3334 1003 3405 «bominibus.
1019 3349 1030 3374 n
1044 3330 1078 3381 Ce

135 3410 327 3462 l'bommeettt
337 3408 456 3459 rebellet
467 3420 512 3458 sou
523 3406 592 3457 crea-
628 3418 685 3457 vers
703 3402 830 3455 renlerme
853 3395 1025 3464 l'explrcanon¹
1047 3393 1080 3443 de

136 3480 204 3525 tour.
626 3470 768 3520 l'existcnce
804 3462 838 3513 du
871 3459 923 3511 mal
943 3458 1079 3529 *physrque

168 3538 179 3567 ὅ
195 3534 369 3589 Construisea:
384 3549 398 3583 o
406 3546 498 3599 panem
514 3544 591 3595 quern
627 3532 690 3583 daus
701 3529 724 3580 le
735 3525 838 3579 monde.
856 3523 879 3587 (ι
890 3521 963 3595 <prbis
977 3532 1080 3585 corrup·

136 3604 233 3665 egestas
243 3598 327 3651 nitens
337 3596 427 3650 sudore
436 3595 537 3649 assium
549 3608 591 3647 su·
627 3600 668 3647 tus
679 3595 797 3656 corrupta
805 3591 921 3655 parturit.
931 3582 954 3649 u)
