2324 3960
139 157 186 205 3111

539 166 631 215 SleT
647 166 731 215 nvlr.

279 264 334 326 Sed
351 286 437 347 quum
452 265 558 328 diffusae
571 268 690 409 spatium
705 268 867 329 concludere
880 274 961 329 terrm

238 344 338 405 Omnia
352 356 497 415 certarent,
512 368 580 409 mun
600 368 703 429 umque
714 349 829 429 implere
842 367 981 428 capacem,

238 424 379 506 Suspendi
389 426 480 487 forsan
493 428 602 510 potuit¹
618 428 753 489 sententia
767 428 845 501 lethi,

237 505 328 586 lltque
338 511 416 567 mord
430 508 533 599 majore
543 508 626 577 trahi,
641 511 695 589 qub
710 508 814 570 tardius
824 527 937 569 omnem

237 584 398 647 Concedens
412 592 550 669 spatium²
565 586 652 667 rapiat
662 608 736 649 mors
750 589 847 649 ultima
860 607 984 664 carnem,
1038 600 1094 647 580

236 663 270 724 Ni
282 672 359 747 pater
371 666 507 741 Oceanus,
525 667 662 729 mundum
672 668 831 751 indignatus
844 668 872 729 in
886 666 988 749 ipsum,

235 742 288 816 our
300 754 386 807 terras
395 766 494 808 omnes
505 749 613 809 tantfnn
628 768 684 811 uno
699 748 791 809 littore
805 747 901 829 cingit,

235 823 338 898 Exiret,
352 847 539 909 rumpensque
549 828 635 889 fidem
646 828 821 909 perfunderet
834 848 907 888 arva.

234 903 319 987 Ergo,
338 914 370 967 ut
379 908 498 988 perversi
510 906 612 970 vindex
624 908 759 971 crudelior
771 908 855 981 orbis,

235 983 353 1067 Dissipat
366 993 483 1049 aeternas
495 986 580 1069 leges,
597 996 624 1049 et
637 988 703 1049 sede
715 988 808 1049 relicta
1038 990 1090 1039 5⁸⁵

164 1133 171 1145 ¹
234 1062 331 1147 Regna
344 1066 433 1129 aliena
443 1074 551 1150 pateus,
568 1075 673 1130 nature
684 1068 789 1131 foedcra
801 1066 906 1131 turbat.

274 1250 312 1315 Ut
322 1251 397 1314 diros
408 1253 530 1334 primum
540 1252 630 1337 pelagi
641 1274 753 1315 sensere
763 1254 870 1315 furores

138 1362 140 1367 ·
234 1331 357 1394 lllustres
369 1332 457 1407 fluvii,
476 1354 592 1415 magnos
604 1354 676 1415 quos
690 1334 791 1416 inclyta
801 1354 887 1396 cursu

235 1411 319 1473 Fama
332 1413 426 1491 refert,
442 1423 590 1496 motusque
607 1433 694 1476 noros
703 1422 834 1495 stupuere
848 1430 1006 1495 parumper,

234 1489 270 1552 Ut
281 1492 377 1554 credas
388 1494 510 1575 sapuisse
522 1494 628 1577 fugam,
639 1493 680 1557 sic
688 1514 765 1556 versa
776 1502 925 1557 retrorsum
1035 1503 1088 1552 590

233 1571 287 1632 Per
298 1580 384 1633 terras
396 1582 529 1655 spargunt
541 1575 647 1637 sublata
657 1575 797 1637 volumina
813 1581 897 1655 ponto
910 1578 934 1633 ³.

234 1649 390 1741 lnsequitur
404 1662 496 1713 tamen
509 1653 647 1728 Oceanus,
664 1654 822 1736 refugisque
834 1653 946 1716 fluentis

233 1728 375 1808 lmmruet,
388 1739 416 1793 et
431 1732 515 1794 salsis
525 1734 642 1815 impellit
654 1735 774 1797 molibus
787 1754 895 1797 amnes.
989 1772 992 1777 -

271 1920 351 1984 'lunc
359 1921 447 2003 maior
460 1923 576 2065 strqpitu
588 1929 667 1985 tanto
677 1924 839 1985 mortalibus
852 1923 933 2004 egris

236 2003 282 2064 Fit
294 2007 386 2064 metus
403 2022 506 2065 :ascen
527 2012 577 2065 unt
589 2012 688 2078 turres,
702 2014 730 2066 et
741 2005 813 2066 celsa
824 2004 971 2065 domorum
1036 2019 1085 2066 595

231 2082 371 2156 Culmina,
388 2092 610 2168 praesentemque
618 2085 696 2166 juvat
707 2085 751 2146 vel
766 2093 890 2165 ternpore
902 2104 986 2167 parvo

233 2163 283 2226 Sic
295 2164 405 2227 differre
416 2184 514 2227 necem
528 2188 535 2225 z
553 2167 666 2241 multos,
680 2166 748 2227 dum
762 2164 894 2226 scandere
906 2170 1022 2237 tentant,

232 2246 365 2307 Crescens
375 2245 450 2307 unda
461 2245 545 2307 trabit
560 2268 567 2305 ε
582 2246 715 2387 quosdam
727 2245 844 2325 fugitare
853 2244 979 2305 volentes

219 2325 580 2417 *Consequitur‚·cursuque
601 2346 683 2408 ugam
694 2324 840 2404 deprendit
851 2324 974 2385 inanem.

230 2406 283 2465 nst
293 2405 339 2465 alir
350 2407 434 2487 longo
442 2398 576 2485 janlintes
589 2405 714 2466 membra
729 2411 834 2480 natatu,
1034 2425 1086 2469 coo

231 2482 337 2545 Defessi
352 2484 491 2563 exspirant
499 2485 617 2553 animas,
633 2492 682 2543 aut
691 2484 813 2563 pondere
825 2483 915 2545 nimbi

232 2562 337 2624 Obruta
349 2568 371 2633 ⁸,
384 2562 533 2621 flumineas
547 2561 670 2621 immixta
688 2580 737 2637 per
747 2579 857 2639 aequora
871 2560 997 2640 lymphas

231 2641 262 2701 ln
273 2659 450 2731 quocumque
461 2639 560 2699 bibunt
572 2638 719 2698 morientia
732 2657 848 2718 corpora
862 2648 968 2700 monte.

229 2720 347 2781 AEdrbus
362 2717 490 2798 impulsis
506 2716 552 2776 alii
566 2718 672 2797 periere
685 2716 775 2787 ruina,

228 2799 259 2857 ln
301 2818 316 2857 e
330 2796 418 2857 undas
430 2814 530 2857 venere
541 2796 624 2856 simul
637 2796 797 2879 dominique
812 2795 976 2879 domusque.
1030 2821 1082 2865 oon

121 2938 123 2942 ,
228 2874 252 2939 11
273 2896 352 2958 regor
366 2876 395 2936 in
409 2874 510 2937 coelum
522 2876 613 2937 sonitu
628 2876 759 2939 collectus
770 2876 804 2938 ab
818 2897 906 2951 omni,

228 2956 500 3039 Quadrupedumque
514 2976 611 3039 greges
622 2956 743 3018 humanat
754 2958 783 3018 in
794 2967 883 3020 morte
893 2959 1042 3023 cadentum

229 3037 345 3123 Augent.
352 3036 481 3099 confusos
492 3038 628 3123 permixta
641 3058 709 3101 voce
721 3040 865 3101 tumultus.

161 3309 172 3339 ¹
188 3305 315 3358 «Potuit»
331 3314 395 3365 pour
407 3320 419 3347 1
431 3302 585 3366 potuisset.»
627 3304 653 3355 la
664 3318 745 3355 masse
760 3306 790 3356 de
806 3306 874 3357 leurs
890 3319 954 3358 caux
966 3310 1080 3367 souleveo

130 3363 250 3436 llcbange
261 3370 292 3419 de
303 3376 386 3429 temps
404 3366 587 3429 tres-frequent
627 3368 706 3431 paula
716 3382 782 3417 mer.

129 3433 245 3487 euletin.
434 3490 439 3499 ¹
661 3431 681 3473 ⁴-
693 3448 704 3473 1
718 3431 813 3481 Obruta
832 3432 941 3495 pondere
961 3436 1050 3490 nimbi.
1065 3461 1077 3485 n

169 3492 339 3559 11811111111,
350 3509 362 3535 o
375 3490 450 3539 delur.
629 3512 641 3537 1
652 3492 748 3542 Obruta
759 3512 770 3537 1
782 3507 807 3543 so
829 3504 946 3557 rapporte
968 3500 984 3545 b
997 3519 1009 3543 1
1019 3514 1078 3551 cor.

167 3556 314 3607 ⁵eSublata
332 3553 463 3604 volumine
474 3560 560 3617 ponto,
572 3571 584 3599 1
628 3567 698 3617 poro.
714 3573 725 3597 e
