2324 3960
521 128 643 179 allicurt.
1023 128 1064 178 att

216 227 297 290 Fessa
311 227 403 291 labore
415 230 491 312 gravi
502 229 628 310 quamvis
640 229 687 290 hic
699 229 823 291 membra
832 229 984 311 quiescant,

294 308 336 370 nd
344 328 375 371 se
387 309 521 373 concedat
534 329 581 372 cor
593 309 708 392 vigilare
723 329 829 372 meum.

213 389 292 472 ligne
303 388 363 463 Ilei,
377 387 474 451 mundi
484 389 531 471 qui
545 389 771 465 criminacuncta
784 389 889 466 tulisti,
1034 407 1064 449 ou

291 468 427 532 Conserva
442 469 565 552 requiem
577 469 652 532 mitis
664 470 697 533 ab
711 469 793 533 hoste
808 489 911 532 meam.

211 690 384 754 epitaphia
398 689 615 753 lllldepurdw
629 691 754 754 replum
770 697 803 740 et
819 691 892 752 elue
909 690 1063 741 fluorum.

587 856 589 861 ·
616 833 653 895 X.

207 995 298 1058 Arinen
310 1015 372 1078 quae
381 995 461 1058 fulvis
470 995 585 1058 rutilant
598 995 785 1058 elementa²fi
806 995 874 1065 uris,

248 1076 338 1148 Qudm
349 1076 423 1138 clara
433 1076 575 1141 extiterint
586 1074 708 1137 membra
719 1016 826 1158 sepulta
840 1075 951 1137 docent.

105 1160 113 1173 “
210 1155 261 1217 Hic
272 1176 301 1218 re
322 1157 367 1217 ina
379 1156 453 1238 jacet
463 1156 533 1238 Regi
548 1157 676 1238 precelsa
688 1156 793 1239 potenti

249 1177 397 1318 llildegard
411 1235 512 1298 Karolo
525 1256 588 1318 quae
601 1236 672 1298 bene
686 1243 772 1317 nupta
785 1236 848 1297 fuit.
1027 1249 1060 1294 uo

208 1313 277 1387 Quae
289 1318 397 1378 trutdm
409 1316 489 1378 clarae
502 1317 670 1378 transcendit
683 1317 776 1398 stirpis
788 1315 942 1387 alumnos·
1137 1338 1141 1343 ·

247 1394 398 1479 Quantum,
411 1417 473 1478 quae
485 1397 579 1477 genita
588 1404 630 1459 est
642 1395 735 1457 ludica
741 1414 864 1534 pemmo,
877 1392 995 1455 solum³.

208 1473 277 1536 Huic
285 1482 342 1537 tam
354 1475 426 1537 clara
437 1475 489 1537 suit
502 1475 627 1538 florentis
640 1475 726 1557 gratia
753 1494 849 1549 orme,

248 1553 309 1626 Qut
321 1575 379 1617 non
393 1556 507 1635 occidue
517 1555 678 1641 ‘pulchrior
687 1554 743 1617 ulla
757 1553 837 1615 soret.

209 1633 295 1696 Cu'ns
306 1654 362 1696 non
374 1643 501 1698 tenerum
513 1643 629 1718 possunt
643 1655 752 1718 aequare
760 1634 890 1697 decorem
1025 1651 1058 1696 95

247 1654 390 1803 dardonpx
405 1715 494 1790 Pario,
508 1716 565 1780 lilia
576 1715 660 1777 mixta
673 1716 753 1778 rosis.

206 1792 335 1856 Attamen
346 1794 418 1857 hanc
426 1795 545 1878 speciem
556 1797 724 1878 superabant
736 1796 841 1858 lumina
855 1794 955 1859 cordis.

246 1873 413 1967 Simplicitas
424 1876 525 1939 animae
550 1876 719 1957 interiorque
728 1875 818 1939 decor.

204 1953 245 2017 Tu
256 1957 343 2028 mitis,
358 1955 479 2036 sapiens,
493 1974 588 2028 soors,
598 1955 720 2035 jocunda
728 1955 816 2028 luisti,
906 1986 910 1991 ·
1011 1968 1058 2014 roo
1083 2020 1088 2029 ,

243 2034 393 2117 llapsilis⁵,
406 2043 434 2097 et
447 2034 554 2095 cunctis
568 2033 750 2095 condecorata
763 2033 853 2095 bonis.

204 2112 261 2175 Sed
272 2114 341 2194 quid
372 2113 432 2173 lura
442 2112 540 2183 feram,
555 2130 643 2191 quum
656 2130 714 2170 non
725 2111 762 2171 sit
773 2112 902 2192 grandior
911 2109 967 2172 ulla

231 2191 318 2252 (iaus
329 2134 390 2261 tili,
402 2192 486 2271 qudm
499 2196 576 2249 tanto
591 2188 791 2268 complacuisse
805 2190 884 2251 viro?

204 2269 296 2340 Quum
318 2287 353 2328 ue
365 2269 412 2329 vir.
420 2267 589 2347 armipotens
599 2266 715 2348 sceptris
723 2266 860 2347 junxisset
871 2267 950 2328 avitis

244 2289 938 2429 linllerumquePadum,Romuleumque'lihrim,
1006 2362 1052 2410 rus

203 2426 245 2488 Tu
262 2426 321 2488 sola
333 2426 445 2488 inventa
457 2445 499 2499 es,
508 2425 594 2487 fueris
608 2444 670 2507 quoe
684 2423 766 2507 digna
778 2434 872 2489 tenere

242 2505 400 2590 Multipliois
413 2506 514 2589 regni⁸
531 2525 614 2568 aurea
623 2512 728 2589 sceptra
737 2525 835 2570 manu.

138 2767 143 2793 ¹
160 2762 340 2828 «Hildegarde,
347 2763 440 2874 epouse
447 2761 478 2813 de
487 2762 566 2813 Gnar-
594 2762 683 2814 Indien
694 2762 826 2827 l'emportc
846 2776 890 2814 sur
910 2763 947 2815 les
958 2762 1055 2829 pierres

104 2827 153 2877 lem
189 2840 231 2887 ne,
249 2831 355 2876 mourut
374 2825 416 2875 ’an
428 2829 474 2876 786
485 2825 567 2876 dete·
593 2826 927 2893 precieusesqu'illproduit.

103 2889 250 2938 sus-Gnist.
302 2900 313 2921 ·
626 2888 788 2946 ⁴«Ocoiduo,
807 2884 1052 2941 »dadsi'Occident

135 2951 267 2999 *annaeo
286 2948 424 3012 elemento,
445 2966 457 2992 ι
476 2949 564 3001 lettres
592 2950 690 3003 Cemot
701 2959 739 3001 est
766 2951 801 3001 nis
812 2952 1048 3003 substantivement.

104 3010 166 3063 d'or.
623 2965 785 3076 ³«Dapsills,
795 3015 943 3078 generense.

134 3073 335 3124 ³Construisez:
350 3072 499 3134 «quamtum
522 3087 562 3124 so-
622 3075 661 3119 0«
681 3075 771 3138 Regni,
795 3093 807 3120 »
832 3076 904 3127 l‘oint
927 3077 1050 3127 d'tlision.

102 3138 158 3186 lum
172 3133 328 3186 transcendit
350 3136 421 3196 (eam
447 3134 562 3185 Indicam
591 3137 626 3185 La
646 3136 731 3187 cesule
759 3142 784 3187 et
810 3137 917 3188 l'acceut
944 3139 1051 3200 prolon-

101 3199 243 3263 gemmam)
259 3211 317 3260 quae
337 3195 422 3260 genita
439 3203 509 3246 est.»
528 3198 562 3247 Le
590 3197 692 3261 gestent
713 3199 845 3251 tellement
863 3201 887 3250 le
909 3213 955 3250 son
978 3199 1009 3249 de
1025 3200 1051 3249 la

102 3263 173 3324 poete
182 3260 229 3310 fait
237 3264 369 3323 rapporter
379 3278 390 3303 a
400 3258 562 3322 indicagem-
590 3260 685 3321 syllaba
696 3274 745 3325 que
757 3260 860 3313 l'hiatus
877 3260 994 3311 devenait
1005 3260 1051 3310 in-

102 3336 214 3372 maeau
234 3322 342 3393 relatit«
361 3333 418 3384 quae
430 3334 562 3433 {paruus
589 3323 705 3376 sensible.
729 3330 830 3375 surtout
851 3337 883 3373 au
907 3322 995 3372 milieu
1015 3323 1049 3393 du

103 3391 169 3434 sorte
197 3383 369 3436 d'attractrou.
410 3384 450 3433 llrl
469 3385 561 3447 egarde
590 3387 747 3447 pentametro
759 3385 821 3436 dont
831 3385 867 3436 les
877 3386 944 3435 deux
955 3383 1050 3433 hemis·

103 3447 193 3496 s'eleue
204 3447 392 3497 au-dessusdes
410 3445 521 3509 rejetons
530 3446 561 3497 de
589 3446 670 3497 tiches
680 3454 737 3497 sont
745 3461 778 3498 en
788 3447 898 3511 quelque
907 3451 973 3497 sorte
982 3445 1049 3497 deux

104 3519 131 3557 sa
147 3506 221 3559 uelde
233 3521 289 3561 racc
300 3515 392 3563 autaut
411 3521 461 3575 que
480 3508 503 3561 lc
524 3509 561 3564 sol
591 3522 648 3561 vers
663 3508 787 3561 distinete.
