2324 3960
342 171 496 222 CLAUDIUS
511 171 633 223 MARIUS
649 171 774 223 VICTOR.
995 175 1040 225 190

186 274 241 336 dut
251 274 320 337 saeta
333 271 394 335 haec
405 273 482 335 credi
493 292 542 355 par
553 280 605 345 est,
616 281 664 335 aut
675 282 738 335 nata
753 271 854 356 putari.

185 355 299 416 Factum
307 354 391 436 igitur
398 354 657 426 constatmundum‚
667 353 865 435 quodquisque
871 351 1039 414 subactusrtt

185 435 289 496 Annuit
303 444 330 495 et
343 455 408 495 vero
422 434 565 495 convictus
581 435 711 515 dogmate
724 434 837 506 credit¹,

185 515 346 576 Concedens
357 514 456 575 fecisse
471 513 577 574 Deum:
589 514 637 595 qui
649 515 765 575 numine
779 513 862 577 Verbi

187 595 221 655 Et
234 595 335 657 virtute
347 602 456 676 potens,
469 594 603 675 quidquid
617 602 716 655 natura
728 600 848 677 putatur,

186 674 338 754 Disposuit,
348 674 438 751 jussit,
455 674 556 746 movit;
572 694 730 755 munusque
745 683 869 737 creatum

187 753 331 815 Succiduis
346 752 450 815 vicibus
463 756 582 834 (semper
595 753 709 835 fugitiva
726 754 887 834 reformans)
994 766 1042 814 155

187 833 323 906 Sustinet,
335 855 368 894 ao
381 832 521 894 volucrem
536 832 678 895 retrahens
690 834 869 897 circumrotat
881 835 988 897 orbem.

188 911 256 984 Quae
270 914 293 974 si
307 922 405 975 cuncta
419 914 503 973 etiarn
517 914 622 975 mavult
636 912 785 975 dissolvere
796 916 908 997 raptim,

189 992 340 1055 Confestim
356 993 385 1052 in
396 993 500 1055 similes
516 997 527 1031 ²
541 994 644 1055 formas
655 993 798 1056 redeuntia
812 995 918 1058 reddet.

189 1072 276 1135 'santa
287 1073 376 1135 Patris
384 1074 426 1134 vis
435 1082 487 1148 est,
499 1081 529 1135 et
540 1083 616 1136 tanta
630 1083 674 1137 est
687 1074 774 1157 gloria
785 1074 882 1137 Verbi.

230 1228 266 1291 Ut
276 1249 341 1293 vero
353 1232 366 1269 ³
378 1230 464 1291 sernel
476 1230 610 1314 attingam
623 1230 770 1314 primordia
786 1249 889 1303 rerum,
960 1272 966 1279 -
995 1244 1045 1290 too

190 1309 297 1371 Excelsi
309 1330 431 1371 convexa
446 1311 511 1390 poli,
524 1319 659 1393 terreque
665 1310 800 1391 jacentes,

191 1388 258 1451 Pars
271 1390 359 1469 prima
372 1397 414 1450 est
426 1392 535 1472 operis:
552 1392 601 1453 sed
615 1401 702 1452 terras
712 1388 786 1450 unda
799 1387 922 1469 tegebat,

191 1469 317 1550 deraque
328 1469 357 1530 in
371 1470 463 1531 medio
478 1471 602 1532 sordenti
613 1468 687 1530 nube
702 1468 871 1542 madentem,

192 1548 226 1608 Et
239 1547 361 1611 tenebris
377 1569 407 1609 se
418 1558 493 1611 vasta
508 1550 594 1633 nigris
604 1547 712 1612 velabat
722 1551 854 1630 abyssus:

149 1626 156 1639 '
192 1627 227 1688 Et
240 1647 318 1693 sacer
331 1629 453 1691 extensis
473 1630 636 1712 impendens
649 1628 771 1712 Spiritus
784 1628 867 1691 undis
996 1641 1044 1688 165

192 1706 308 1770 Altricos
321 1708 461 1769 animabat
473 1730 568 1794 aquas,
579 1731 611 1773 ac
620 1709 726 1772 semina
736 1730 829 1773 rerum

193 1786 324 1848 Nondum
335 1789 495 1868 compositis
508 1789 649 1853 fundenda
664 1790 697 1852 ad
707 1790 833 1872 germina
847 1787 928 1849 terris

193 1864 360 1930 Insinuanda
376 1867 474 1931 dabat:
490 1891 581 1952 quum
593 1870 641 1932 lux
654 1870 780 1932 immissa
791 1870 911 1951 supernd

193 1945 315 2007 Emicuit
326 1948 434 2010 dicente
449 1948 522 2021 Deo,
539 1951 710 2032 discretaque
722 1950 834 2029 nigrum

194 2024 295 2087 Umbra
308 2028 419 2108 peplum
433 2030 575 2090 retrahens
585 2050 696 2089 summo
707 2028 960 2109 discessitolyrnpo.
999 2043 1048 2089 170

194 2105 266 2165 Tum
277 2107 369 2195 divina
381 2108 456 2197 dienp
469 2108 610 2245 appellans
625 2112 772 2186 prudentia
785 2107 887 2196 lucem,

196 2184 298 2246 ludidrt
312 2194 341 2245 et
350 2184 473 2246 tenebris
483 2206 502 2245 o
521 2206 608 2246 scurae
622 2186 734 2247 nentina
747 2195 848 2246 noctis.

196 2263 244 2323 Sic
258 2264 329 2323 facta
339 2283 393 2323 uua
406 2264 466 2325 dies
478 2263 513 2324 de
526 2283 609 2324 mane
622 2282 775 2345 acresperc
789 2263 890 2344 primo.

235 2422 343 2483 Rursus
354 2442 436 2483 mane
449 2442 567 2500 novum,
581 2424 671 2504 primo
682 2422 740 2506 jorn
750 2442 864 2506 vespere
877 2421 957 2504 pulso

195 2502 311 2565 Reddita
323 2502 453 2575 luxfecit‚
470 2524 557 2585 quum
568 2524 599 2565 se
613 2504 771 2567 firmissima
787 2502 873 2565 moles
886 2511 899 2550 ⁴
1001 2518 1048 2564 175

194 2583 337 2644 Fluctibus
349 2583 365 2644 d
379 2584 477 2645 mediis
489 2592 618 2646 concreto
631 2605 747 2667 corpore
766 2584 868 2647 cedens

197 2662 313 2732 Extulit,
324 2673 351 2724 at
364 2662 417 2725 iate
430 2665 513 2725 rebus
529 2685 597 2745 quas
610 2665 705 2727 circite
716 2671 793 2726 vasto

198 2742 337 2823 Contegit,
350 2744 516 2826 [imposuit]
528 2745 644 2809 deducto
654 2744 843 2809 hinenominc
858 2744 970 2807 crolum.

102 2997 272 3048 evidemment
283 2998 319 3046 un
328 3001 556 3045 commencernent.
593 3004 631 3048 tes
647 2996 683 3046 les
697 2996 784 3045 choses
804 2999 820 3044 a
831 2996 855 3045 la
867 2997 952 3046 meme
963 2995 1054 3052 forme,

102 3060 135 3108 Le
147 3059 232 3108 relatis
243 3080 253 3103 a
271 3059 337 3120 quod
350 3077 361 3100 u
375 3069 390 3104 a
405 3068 470 3111 pour
481 3058 557 3106 aute·
594 3056 751 3109 c’estd-dire
776 3059 835 3121 qu’il
856 3059 893 3108 les
916 3058 1054 3107 coniondra

102 3122 211 3171 cedente
228 3120 389 3183 principium.
406 3135 417 3159 ν
595 3122 626 3170 de
644 3120 758 3169 manidre
769 3122 785 3168 a
796 3134 824 3170 ce
837 3121 912 3183 qu'on
927 3133 958 3168 ne
970 3118 1054 3181 puisse

134 3184 325 3235 ¹conrrruisea:
348 3178 558 3242 «quodquisque
595 3183 653 3245 pluo
671 3181 707 3231 les
727 3182 878 3247 distinguer,
898 3188 924 3232 et
944 3181 981 3229 les
1000 3178 1055 3227 fera
1089 3186 1099 3197 ·

101 3246 217 3295 subactus
234 3252 260 3295 et
277 3244 405 3295 conuictus
416 3254 476 3289 vero
498 3241 559 3306 dog·
596 3250 697 3294 rentrer
708 3244 771 3293 dans
785 3245 899 3295 lechnus.

101 3314 168 3357 mate
179 3309 270 3356 annuit
281 3315 306 3356 et
318 3303 560 3363 credit,ecucedens
627 3307 664 3351 ³«
685 3306 718 3355 Ut
736 3321 806 3371 vero,
822 3314 870 3358 etc.
892 3324 903 3349 ν
927 3302 1010 3364 Voyez
1031 3303 1055 3350 la

103 3369 184 3419 Deum
213 3370 301 3419 secisse
325 3388 337 3412 »ι
367 3366 559 3431 (sous-entendu
597 3369 704 3429 Genese,
715 3369 759 3418 ch.
773 3385 790 3419 1.

104 3430 296 3491 «mundum
631 3429 937 3486 ⁴«Firrnissimameles,
974 3424 1052 3477 unr-

133 3493 354 3546 ²,«Cont'estimin
362 3491 467 3551 similes,
477 3497 557 3546 ete.»
597 3502 720 3549 mannent.
851 3496 854 3501 '

103 3567 136 3607 cu
148 3567 182 3607 un
191 3554 314 3608 insnutil
324 3554 379 3607 tera
390 3552 492 3606 reuenir
502 3560 560 3607 tou-
