2324 3960
68 3660 116 3728 h

155 192 204 240 50⁰
462 188 553 259 Athi
570 188 611 237 DE
627 188 861 238 slllrtT-vtt‘ton.

159 285 292 343 Medicina
304 286 460 351 christiana,
670 288 734 343 Post
746 287 815 342 hano
828 287 923 356 vitam,
938 300 1016 343 verae
1030 287 1103 344 lueis

159 357 238 413 Salva
248 374 337 429 sanos,
352 373 437 431 aegros
450 373 524 414 sana.
632 356 635 361 ’
707 357 832 414 Transfer
847 358 882 413 ad
897 358 999 431 palatia
1015 376 1023 412 :

160 428 237 494 Quod
252 444 306 484 non
322 430 390 484 vaiet
402 428 442 483 vis
457 428 575 485 humana

195 499 240 555 Fit
251 500 280 554 iu
290 507 335 556 luo
345 498 468 557 nomine.
671 513 747 636 gnos
763 516 899 566 tormento
913 511 954 566 vis
967 509 1076 567 servire
1088 511 1111 580 ²,

292 618 297 623 -
694 596 725 636 ac
739 586 874 637 tormenta
886 594 943 637 non
960 584 1085 655 sentire3

160 649 322 707 Assistentes
335 651 343 687 ¹
357 650 452 707 Crucis
466 652 550 721 laudi,
671 653 725 708 Sed
738 668 821 724 quum
836 651 964 708 disserit
977 653 1028 710 irae
1038 652 1064 722 ³,

160 720 338 777 Consecrator
350 723 455 791 Crucis,
472 722 547 794 audi3
672 722 863 779 Coniernobis
877 725 1022 806 etlarpire

161 794 245 863 Atque
258 807 352 849 servos
365 798 420 849 tuae
435 794 525 850 crucis
707 794 877 864 sempiterna
889 796 999 867 gaudia.

359 986 457 1036 xviii.
473 988 519 1035 De
535 993 650 1035 saneto
667 987 797 1036 Joanne
812 972 975 1049 Baptista.

163 1128 225 1185 Adi
240 1126 369 1186 honorem
384 1138 475 1202 tuum,
488 1132 611 1203 Christe,
773 1130 867 1187 Puer⁶
883 1132 1015 1202 nascitur,

200 1200 311 1256 Reooiot
324 1203 445 1259 Ecclesia
673 1203 756 1260 Norae
770 1202 851 1274 legis,
867 1204 933 1259 novi
946 1206 1022 1286 regis

165 1271 345 1328 Praeeursoris
356 1279 385 1331 et
397 1274 523 1346 Baptistae
709 1277 811 1343 Praeeo,
827 1272 902 1343 tuba,
915 1276 1042 1348 signifer.

200 1342 252 1398 Tui
265 1344 393 1402 natalitia.
489 1388 494 1397 .
621 1374 624 1381 ·
743 1342 825 1401 Vox⁷
840 1346 922 1416 praeit
936 1347 1066 1415 verbum,

673 1415 878 1487 paranymphus
889 1419 986 1487 sponsi
998 1434 1129 1490 sponsum,

165 1492 233 1547 Laus
245 1500 287 1549 est
301 1496 372 1567 regis
382 1495 406 1560 ⁵,
419 1496 447 1550 in
462 1496 596 1568 praeoouis
709 1487 779 1543 Solis
794 1488 1011 1546 ⁰ri¹¹1111u⁰ife¹2

201 1563 287 1632 ipsius
302 1566 450 1635 praeconio,

166 1632 251 1700 Quem
268 1635 395 1692 virtutum
410 1637 476 1693 litat
491 1637 579 1707 donis,
673 1636 760 1694 Verbo
771 1638 784 1675 ⁸
795 1645 892 1707 mater,
908 1639 1012 1712 scripto
1025 1648 1102 1713 pater

199 1702 330 1760 Subiimat
341 1707 440 1762 officio.
709 1711 812 1765 Nomen
827 1710 884 1766 ertit
897 1713 1021 1782 parvulo,

672 1782 706 1835 lu
720 1782 804 1836 soluta
817 1781 911 1853 lingua
923 1789 998 1838 muta

167 1851 342 1910 promittente
357 1854 480 1912 Gabriele
708 1852 792 1907 lletrls
806 1864 845 1908 est
859 1870 874 1909 a
888 1854 1011 1910 viuculo.

200 1923 307 1979 Seniori
320 1926 416 1995 tilium,

165 1994 315 2078 liresitauit,
330 2004 357 2052 et
371 1999 484 2070 ioqueiae
672 2003 719 2057 Est
731 2002 837 2058 coeiesti
849 2004 1026 2077 praesignatus

201 2067 320 2123 Perdidit
334 2068 464 2145 osticium,
707 2073 824 2130 ioannes
840 2077 961 2144 oraculo,

201 2312 206 2339 ¹
221 2310 266 2359 bes
287 2309 354 2358 deux
370 2308 499 2358 dernier-es
509 2304 624 2368 strophes
650 2303 760 2366 quieme‚
771 2306 1109 2370 sixieme,onziemeetqua·

166 2377 211 2421 ont
229 2371 252 2421 le
271 2372 355 2422 meme
381 2371 502 2434 rhythme
519 2380 568 2430 que
589 2367 625 2416 les
650 2367 770 2416 tertieme
802 2369 908 2432 strophe
936 2377 983 2421 ont
1012 2371 1035 2420 le
1061 2367 1109 2418 mi·

167 2433 233 2482 deux
255 2434 384 2484 dernibres
401 2433 432 2483 de
445 2472 448 2479 .
460 2432 484 2480 la
502 2431 624 2491 sequence
652 2442 694 2477 me
703 2430 823 2492 rhythmo
832 2444 883 2492 que
891 2432 929 2482 les
936 2432 1006 2482 deux
1015 2430 1110 2482 dernie-

167 2498 248 2558 meo
267 2502 337 2545 tutus
363 2492 624 2559 eupurpelur.Vopez‚
652 2491 1112 2554 resdelaproseiierimundusruol·

144 2610 146 2615 Ι
168 2571 232 2620 page
244 2561 299 2616 480,
310 2564 368 2608 note
378 2560 402 2608 3,
653 2553 727 2603 terit.
743 2554 835 2616 voret,
848 2568 913 2619 page
926 2560 984 2620 468,
997 2562 1054 2607 note
1068 2560 1091 2605 b.

201 2621 211 2651 ³
230 2622 388 2670 «Tormento
398 2618 501 2675 servire⁸
510 2616 580 2666 »erre
590 2616 626 2665 les
685 2616 815 2678 ieurgts.
829 2635 841 2661 o
859 2617 1044 2668 iesus-Christ.

168 2682 305 2732 serviteurs
322 2684 352 2731 de
366 2689 408 2731 ton
426 2682 579 2729 instrument
595 2678 626 2727 de
685 2677 781 2728 “Cette
798 2679 903 2751 strophe
928 2680 1053 2731 reuiorme
1074 2681 1113 2731 six

169 2750 276 2801 tortore,
288 2745 318 2792 de
332 2744 356 2791 la
365 2742 444 2791 oroix.
654 2751 720 2788 vers.
733 2741 765 2788 Le
777 2754 889 2802 premier
901 2750 929 2792 et
940 2743 963 2792 le
972 2744 1114 2805 quatrieme

201 2805 212 2834 ὅ
227 2823 238 2848 e
250 2805 308 2852 Dies
319 2804 372 2859 irat,
385 2821 396 2846 e
408 2803 431 2850 le
440 2802 499 2864 jour
509 2800 625 2862 dujuge·
654 2802 764 2864 onteinq
783 2804 900 2865 spilabes.
912 2805 936 2854 le
946 2804 1080 2855 deuxieme
1089 2814 1114 2856 et

170 2864 362 2924 ment-dernier,
372 2863 435 2912 ainsi
447 2863 534 2925 appele
541 2876 587 2925 par
599 2863 623 2913 le
655 2862 677 2911 le
687 2863 829 2927 einqtrt'eme
841 2874 887 2916 ont
895 2866 953 2916 huit
966 2867 1113 2931 syllabes,ie

169 2927 290 2991 prophete
311 2925 445 2988 sephoris,
458 2926 500 2975 oh.
520 2939 536 2982 t,
549 2940 573 2974 v.
586 2930 624 2988 ti,
653 2924 781 2975 troisieme
804 2934 829 2976 et
850 2928 873 2978 ie
892 2929 1000 2978 sixtbme
1018 2944 1052 2980 en
1071 2936 1114 2981 out

171 2994 198 3040 15
219 3005 225 3032 t
246 2989 323 3039 tvos
336 2989 385 3037 diei
405 2988 506 3038 Domini
529 3000 624 3047 amera,
653 2994 716 3048 sept.
736 2988 782 3058 (ies
801 2988 867 3039 deux
888 2990 1008 3042 derniers
1027 2999 1072 3043 ont
1091 2992 1114 3041 la

170 3052 332 3102 tribulabitur
344 3051 378 3100 ibi
391 3051 473 3100 fortis.
499 3050 557 3098 Dior
567 3049 623 3107 irre,
674 3048 810 3099 innitteme
828 3052 916 3114 breve,
929 3059 957 3103 et
975 3062 1034 3105 sont
1050 3054 1114 3106 seule

168 3116 222 3165 dies
232 3115 291 3178 ilio,
303 3113 355 3162 dies
367 3113 536 3173 tribulationis
544 3117 569 3161 et
577 3124 625 3182 'an-
654 3060 701 3158 Fies
717 3124 761 3174 par
778 3112 803 3160 la
814 3113 890 3164 rime.

168 3179 266 3240 gustire,
279 3176 331 3226 dies
342 3175 492 3225 calamitatis
506 3181 532 3224 et
547 3186 625 3223 mise·
685 3172 696 3202 ⁷
710 3191 721 3216 o
735 3173 798 3223 Vox.
809 3190 823 3220 o
834 3177 907 3226 Saiut
919 3178 1057 3239 Matthieu,
1068 3179 1110 3228 eit.

169 3240 223 3302 riae,
234 3240 287 3288 dies
296 3238 457 3287 tenebrarum
467 3244 493 3286 et
501 3235 624 3298 caliginis,
653 3249 691 3297 tu,
702 3249 725 3282 v.
741 3235 756 3284 3
768 3249 774 3282 :
789 3253 802 3283 u
811 3238 859 3286 Hic
868 3247 908 3289 est
915 3241 1000 3303 enim,
1027 3241 1053 3290 ui
1064 3241 1113 3290 tiit·

168 3302 222 3351 dies
230 3300 328 3350 nebulae
340 3299 489 3357 etturbiuis,
500 3297 625 3348 diestubae
653 3304 694 3348 tus
712 3304 750 3347 est
766 3311 811 3360 per
836 3300 929 3350 lsaiam
953 3317 1014 3366 prop
1038 3311 1114 3366 etam,

170 3371 196 3413 et
207 3360 341 3424 clangoris,
361 3366 407 3410 oto.
420 3377 434 3407 o
446 3361 507 3418 Quel
520 3367 625 3417 arcent,
653 3360 798 3409 dicentem:
813 3363 866 3410 Vos
880 3363 1019 3415 clarmontis
1037 3366 1064 3414 in
1075 3365 1115 3415 tie·

170 3426 254 3488 quelle
264 3424 341 3484 ioree,
355 3423 520 3484 i'inspiration
539 3422 625 3471 divine
653 3428 719 3472 serto
731 3436 737 3470 ε
749 3422 836 3472 Parate
847 3424 918 3473 viam
928 3426 1034 3477 Domini
1046 3442 1053 3475 :
1064 3440 1117 3477 reo-

170 3487 291 3537 donneau
303 3482 474 3549 plusp'etitdes
483 3484 625 3548 prophetes!
654 3490 693 3534 tas
708 3482 781 3532 laerte
797 3485 902 3536 semitas
913 3488 981 3540 e’us.
997 3508 1010 3535 e

205 3549 216 3581 ⁴
229 3549 275 3598 Les
284 3549 346 3597 trois
363 3549 509 3612 premieres,
522 3547 558 3596 les
570 3545 626 3596 ein·
687 3548 723 3593 ⁸«
731 3545 824 3609 Verbo,
835 3552 902 3599 oto·
912 3502 1000 3615 libye:
1012 3552 1116 3604 lits-an.
