2324 3960
99 190 143 242 194
358 193 511 245 GLAUDlUS
527 192 644 244 MARIUS
662 193 785 242 VICTOR.

194 290 277 354 Omni
297 299 387 364 utens,
401 310 485 371 quem
496 308 549 351 nec
561 289 655 352 subtili
669 289 799 370 indagine
809 308 902 351 rerum

194 310 331 434 Mentissus
342 370 471 431 humanis
486 389 571 430 sensu
581 370 779 452 comprendere
792 369 832 430 fas
843 380 896 444 est,
928 391 931 395 ¹

194 452 228 515 Et
241 452 349 513 nescire
362 451 438 511 nefas
447 452 524 527 (nam
538 456 566 509 te
578 450 685 511 ratione
699 448 834 530 profunda

193 529 225 591 ln
234 530 322 592 tribus
335 550 395 592 esse
409 529 510 601 Deum,
522 530 571 591 aed
583 538 639 591 trec
652 529 842 590 decredimus
855 548 955 601 unum,
1033 546 1048 591 t

193 610 280 673 Unica
293 630 423 692 personas
435 620 466 670 ut
479 620 534 670 tres
547 609 699 671 substantia
717 608 826 685 reddat,

194 691 344 753 indiscreta
356 691 401 782 pio
412 708 578 751 conservans
590 689 691 751 tiedera
702 694 787 766 nexu)

196 770 239 832 Tu
252 771 312 832 siue
323 769 468 852 principie,
486 768 587 851 pariter
598 769 659 832 sine
670 768 727 830 sine
741 768 886 851 perennis,

198 850 281 911 Solus
294 870 324 910 es
335 858 417 930 atque
434 849 518 923 idem,
532 847 657 931 nullique
669 848 805 910 obnoxius
816 868 883 910 aeeu.

194 929 261 989 Tus
280 931 365 990 atium
376 948 480 1003 rernm,
493 929 596 990 mentis
606 931 783 1011 quocumque
797 947 923 992 recessus
966 994 972 999 ,
1017 945 1049 989 re

197 949 341 1082 Tenditur,
354 1008 478 1081 excedis3
490 1008 578 1091 spatio
591 1028 683 1092 neque
693 1008 812 1091 cingeris
824 1007 895 1070 uile.

198 1082 271 1162 Quin
285 1090 368 1150 etiam
383 1089 512 1151 humanae
525 1108 579 1150 uec
590 1088 631 1151 fas
642 1088 802 1171 contingere
815 1089 903 1149 menti

198 1169 293 1241 Qualis
302 1170 395 1250 image
408 1178 455 1230 tua
467 1178 520 1241 est,
533 1169 620 1230 oculis
634 1169 728 1251 ignara
744 1168 863 1243 videri¹,
903 1218 908 1227 .

198 1249 232 1310 Ni
244 1250 289 1311 cui
303 1249 469 1311 cernendam
484 1248 594 1331 speciali
608 1249 745 1310 numiue¹
756 1268 819 1311 sese

198 1328 352 1405 Exhibeat:
367 1350 418 1391 nec
433 1349 498 1391 vere
513 1336 555 1391 est
569 1330 618 1410 qui
628 1329 730 1391 virtute
742 1333 833 1390 creatd
1015 1344 1046 1388 re

198 1407 237 1471 Te
247 1418 357 1491 vegetet
369 1417 472 1487 metus,
483 1429 532 1492 per
545 1428 629 1490 quern
641 1428 737 1471 sumus
754 1416 838 1489 atque
851 1424 1008 1470 meremur.

195 1487 318 1549 Tumens
332 1497 360 1549 et
370 1509 456 1549 sacrae
467 1490 576 1570 penitus
586 1487 736 1551 substantia
751 1486 870 1548 mentis:

199 1567 241 1627 Tu
254 1567 334 1642 rado,
344 1576 373 1628 et
386 1568 474 1648 pienae
487 1568 607 1648 prudens
618 1568 733 1630 rationis
746 1566 787 1629 uri
807 1587 842 1640 o;

198 1647 240 1707 Tu
253 1646 350 1718 virtus,
363 1646 471 1708 virtutis
483 1666 563 1736 apex,
576 1655 658 1735 atque
670 1649 727 1729 ipsa
736 1587 872 1730 proiectm
901 1652 904 1659 ’

198 1724 354 1798 'invitaet
367 1726 474 1805 genitur
488 1734 551 1787 vrtae
564 1724 690 1806 lucisque
708 1727 861 1809 presundae.
1017 1740 1051 1786 20

200 1806 241 1866 Tu
251 1805 298 1865 lux
312 1824 375 1866 vera
387 1804 473 1882 Deua,
483 1812 513 1865 tu
528 1824 620 1865 rerum
633 1826 715 1868 caum
727 1807 879 1889 vigorque;

200 1893 224 1949 Α
237 1895 266 1947 te
276 1883 442 2024 {incipiam
454 1884 534 1945 traxit
549 1884 746 1968 quodcumque
755 1886 868 1969 repente

200 1964 242 2027 Ex
255 1985 284 2025 nr
306 1963 342 2025 ilc
354 1963 478 2038 emicuit,
491 1971 624 2045 tantoque
637 1974 748 2028 auctore
759 1966 895 2046 repletum

202 2045 252 2106 Vel
264 2046 320 2106 viru
334 2042 435 2105 mentis
444 2043 538 2123 habet,
552 2045 595 2105 vel
608 2044 724 2107 sormam
735 2046 762 2106 in
774 2045 898 2106 membra
908 2043 1023 2124 recepit3

201 2127 240 2187 Te
254 2125 404 2187 Dominum
412 2132 510 2187 natura
526 2125 622 2208 probat
634 2133 740 2187 servata
752 2124 862 2185 caducis
1022 2141 1054 2185 25

203 2204 346 2269 Partibus:
361 2214 389 2269 et
396 2205 503 2289 jussam
520 2205 620 2269 seriem
633 2205 712 2267 datus
724 2203 791 2267 etde
805 2205 915 2267 fatetur.

241 2395 304 2455 Non
318 2402 416 2455 unctu
429 2402 576 2455 contentus
588 2393 683 2454 dotare
697 2398 786 2453 creata

202 2473 327 2544 Munere,
337 2473 472 2552 quidquid
487 2474 546 2551 agis
560 2473 649 2532 varius
664 2471 769 2552 largiris
780 2472 809 2533 in
822 2491 906 2533 usus:

202 2551 280 2624 Quin
293 2551 350 2611 imo
362 2549 400 2611 nil
413 2570 471 2612 uun
482 2555 576 2621 causa,
587 2549 662 2611 Deus
674 2549 757 2624 alme,
768 2559 879 2615 tucrum

203 2630 311 2701 Efficis3
326 2630 383 2711 ipsa
398 2629 462 2691 licet
472 2629 553 2691 uobis
562 2628 655 2711 ignota
670 2636 782 2692 tuorum
1027 2649 1059 2693 eu

204 2711 351 2773 Factorum
364 2709 433 2770 ratio
445 2717 527 2790 atque
541 2708 641 2770 medus
654 2731 661 2768 ι
672 2711 808 2772 centraria
819 2707 920 2791 nempe

205 2791 273 2860 Quae
284 2796 361 2870 putat
373 2788 503 2851 humente
514 2789 600 2851 solers
612 2789 629 2850 i'
660 2790 737 2852 avia³
746 2791 860 2865 mentis,

206 2868 280 2930 Dum
292 2876 407 2947 certam,
420 2868 481 2951 pius
497 2869 573 2952 pacis
585 2870 621 2931 ha
657 2880 705 2942 nt;
716 2869 757 2932 sic
769 2870 873 2950 emnia,
885 2866 962 2931 diues

207 2946 350 3023 Conditor,
360 2949 484 3015 adversis
495 2951 578 3014 etiarn
591 2958 708 3034 cognate
718 2949 864 3013 elementis

111 3196 143 3245 de
166 3190 284 3243 l’oraisun
306 3190 367 3240 iitur
386 3192 393 3239 i
413 3206 454 3253 ue,
507 3193 526 3247 i,
539 3207 573 3244 on
632 3194 641 3223 ¹
658 3187 764 3238 «oculis
774 3187 863 3249 ignara
879 3180 994 3240 videri»
1014 3183 1059 3242 qui

114 3258 138 3307 le
155 3254 211 3315 suit,
230 3253 350 3304 e'adressc
362 3204 465 3304 dadum
509 3255 572 3305 Dieu
601 3266 633 3305 ue
645 3249 741 3319 sauruit
751 3248 804 3319 dtre
820 3256 869 3295 vue
880 3240 924 3293 des
934 3254 1001 3305 yeux
1014 3242 1061 3303 (du

114 3320 138 3370 le
162 3318 237 3377 Pure,
256 3330 286 3366 ex
304 3328 345 3365 osc
373 3317 471 3367 ensuite
489 3316 575 3381 l'ebjet
602 3314 684 3377 carpe)
713 3307 979 3381 rurrsrbleauxyeux.

113 3381 145 3431 de
155 3329 313 3451 lademaude
336 3384 397 3429 etse
407 3378 517 3429 termine
529 3392 575 3443 par
633 3376 669 3419 ἰ
685 3348 791 3445 §pecuali
801 3380 918 3426 numme,
932 3386 943 3409 »
959 3379 1008 3437 par
1026 3381 1062 3417 un

112 3444 294 3493 l’iutcrcessron
308 3414 342 3490 du
359 3440 532 3511 Redemptum
551 3446 577 3492 et
602 3445 657 3491 ecte
668 3430 862 3504 perticulrerlde
881 3443 909 3501 sa
921 3442 1061 3493 puresanee.

111 3519 157 3567 par
179 3504 381 3571 une-deuelogrc
399 3517 433 3557 en
450 3504 575 3555 ronnon-
633 3501 645 3531 ⁸
665 3518 677 3545 «
700 3496 784 3547 solers
814 3506 930 3562 ignavie.
956 3510 968 3539 ι
995 3492 1065 3544 Belle

113 3578 186 3622 ucur.
603 3559 756 3629 expression.
