2324 3960
418 161 558 213 suvanos
576 160 724 212 seuerus.
819 132 827 143 '

257 261 319 323 Jum
330 261 551 325 circumvolitant
559 262 668 355 agmina
680 257 800 323 tristium

256 342 441 425 Dirarumque
453 345 561 416 avium3
571 361 685 425 Jamque
698 360 799 403 canum
810 357 910 423 greges

260 422 393 485 Insistunt
406 424 505 485 leceris
513 422 666 484 visceribus
676 421 730 483 frui
742 445 749 495 ;

339 503 417 566 Heu!
432 523 549 565 curnon
561 503 645 566 etiam
657 503 745 564 meis?
845 526 847 531 ·

97 737 194 784 dcun.
257 717 404 793 Quidnam.
419 739 525 803 quaeso,
540 717 606 802 quid
620 726 672 799 est,
685 718 759 860 tpudd
780 717 856 780 vario
871 717 954 780 modo

260 801 360 862 Fatum
372 801 449 863 triste
463 800 539 862 necis
553 799 670 862 transilit
683 821 697 859 a
711 814 792 874 tenos,

261 879 368 963 Affligit
388 901 423 943 ue
437 880 524 942 alios?
537 881 579 943 En
593 880 644 942 tibi
654 885 663 918 ¹
675 880 785 962 Tityrus
820 944 823 949 ,

341 902 424 1023 deo
438 961 519 1023 laetus
534 961 590 1044 agit
602 961 704 1044 grege!

101 1190 239 1238 nodutus.
263 1175 273 1238 1
294 1195 358 1238 sum
369 1180 512 1238 contueor.
526 1174 575 1236 Dio
587 1194 649 1257 age,
663 1173 766 1256 Tityre,

260 1196 329 1328 dbis
343 1263 371 1317 te
384 1255 515 1338 surripuit
531 1255 654 1318 cladibus
667 1254 712 1314 his
726 1253 816 1314 Deus?

261 1336 297 1398 Ut
310 1335 395 1420 pestis
409 1336 560 1418 pecudum,
574 1354 636 1418 quae
649 1332 777 1417 populatu
787 1331 825 1392 sit

339 1415 464 1494 Vicinos,
475 1415 526 1479 tibi
540 1417 615 1478 nulia
628 1415 673 1476 sit.
803 1446 805 1451 ·

102 1643 232 1691 ricinus.
263 1626 393 1711 Signum,
407 1622 640 1721 quod'perbibent
654 1647 714 1691 esse
728 1627 816 1689 crucis
830 1626 892 1703 Dei,

261 1708 369 1790 Magnis
381 1730 429 1792 qm
443 1710 542 1772 colitur
555 1710 630 1771 solus
644 1708 673 1770 in
687 1708 801 1771 urbibus
810 1715 833 1789 ²,
980 1709 985 1715 ’

262 1787 394 1862 Christus,
408 1789 532 1871 perpetui
546 1789 632 1872 gloria
645 1788 768 1851 numinis

342 1871 426 1953 Cujus
440 1869 514 1932 tilius
528 1869 636 1934 unicus.

262 2080 321 2144 Hoc
334 2080 458 2164 signum,
471 2080 572 2143 mediis
585 2079 719 2143 frontibus
733 2080 867 2160 additum,

261 2160 430 2223 Cunctorum
445 2161 583 2244 pecudum
597 2169 668 2222 certa
684 2159 757 2221 salus
772 2160 834 2232 fuit,

262 2240 311 2303 Sic
321 2244 385 2303 rerd
400 2242 473 2303 Deus
485 2241 540 2302 hoc
554 2241 667 2302 nomine
682 2247 836 2320 prepotens

341 2319 466 2384 Salvator
477 2321 612 2384 vocitatus
625 2327 668 2383 est
678 2319 700 2384 ³.

77 2581 86 2651 Ἰ
136 2580 144 2613 ¹
165 2600 177 2628 u
196 2580 253 2632 Tibi
271 2595 287 2630 o
305 2593 339 2633 ne
356 2579 454 2644 signitie
473 2594 518 2646 par
529 2581 561 2632 ici
586 2582 684 2634 vertes
701 2582 797 2633 rieiiies
816 2582 908 2645 idoies3
928 2582 952 2633 ie
971 2594 1048 2646 pagu-

102 2656 172 2707 pcur
189 2644 240 2706 ἰοὺ
256 2644 317 2695 e'est
335 2657 370 2694 nn
390 2644 420 2693 de
439 2656 481 2694 ces
499 2649 564 2694 mota
587 2649 667 2696 nieme
677 2644 738 2696 e'tuit
748 2645 836 2695 abattu
848 2659 909 2708 pour
918 2648 1046 2704 tonioura,

104 2710 146 2768 oui
157 2707 429 2757 serrentddonncrun
440 2709 497 2756 tour
523 2707 564 2756 ius
588 2707 626 2757 s'ii
639 2706 928 2770 n’etaitcompidtoment
946 2707 1051 2757 detruit.

105 2767 199 2818 rtidla
211 2769 310 2831 phrase.
320 2768 410 2851 AEgon,
429 2721 523 2878 irappd
534 2770 565 2819 de
576 2770 650 2819 ·Sous
668 2769 815 2832 l'empereur
835 2769 982 2844 ihdodose,
1014 2769 1050 2819 ies

81 2830 565 2966 ·ttdtttttbt¹ttitoitttttt
588 2831 1052 2956 iustitiedistrictuum?

104 2952 426 3016 peilerrvemcntBucuius
437 2957 567 3018 pontem-
588 2961 614 3005 et
632 2954 767 3005 disormais
785 2957 807 3006 le
826 2956 909 3007 Christ
928 2957 982 3007 seut
1008 2956 1049 3007 fut

105 3028 145 3065 rer
164 3027 209 3066 son
228 3019 354 3066 attention
368 3015 567 3066 d’unemanitre
590 3016 783 3080 pubitduement
812 3017 887 3068 adord
912 3019 977 3069 dans
1011 3020 1049 3068 ies

105 3076 175 3128 toute
184 3078 292 3137 speciale
300 3081 471 3140 snrcepoint.
590 3079 694 3140 grandes
708 3079 787 3129 riilee.
804 3080 910 3130 Chussde
932 3081 996 3129 ainsi
1007 3081 1052 3130 des

131 3140 464 3203 .'.ritagnts...urbibus.n
477 3141 567 3201 bepuis
592 3141 685 3202 grands
711 3145 809 3192 centres
829 3143 860 3191 de
878 3143 1047 3205 population,

104 3215 154 3263 ouo
167 3203 320 3254 Constantin
336 3205 404 3253 avait
418 3200 568 3252 substituta
592 3202 733 3253 l'nncienne
743 3204 906 3266 superstition
917 3217 943 3253 se
954 3203 1050 3264 refugia

97 3263 349 3325 ‚l’anoiene'tendarn
365 3266 395 3315 de
414 3265 568 3327 i'EmpireIe
591 3266 654 3314 dans
673 3265 708 3316 les
728 3279 878 3328 campagnes
897 3269 922 3314 et
939 3266 1002 3313 dans
1019 3266 1053 3312 ies

56 3368 60 3373 .
108 3325 569 3379 loboromsurmontdd'unecmtxet
590 3328 692 3385 riilagea
718 3327 820 3392 (papus
832 3326 850 3389 ).
884 3326 919 3375 bc
936 3326 963 3374 u
982 3327 1053 3374 vient

106 3388 141 3437 du
160 3400 352 3451 monogramme
370 3388 405 3439 du
424 3389 526 3448 Christ,
546 3387 568 3438 te
587 3388 679 3450 qu'etle
691 3396 758 3450 secut
775 3391 797 3440 te
817 3401 877 3438 nom
897 3387 928 3436 de
943 3399 1053 3450 popano
1079 3415 1087 3425 -

108 3450 300 3503 christianismo
309 3450 370 3501 dtait
380 3452 476 3501 devenu
489 3451 513 3499 ia
532 3463 569 3500 rc-
586 3450 712 3514 (relipioi,
721 3455 747 3502 et
756 3465 805 3514 que
815 3451 851 3500 les
861 3447 953 3510 gentile
961 3449 1054 3519 tarent

109 3509 186 3574 iigton
204 3514 328 3563 mmatne.
348 3513 381 3563 Ge
400 3512 491 3563 futen
511 3515 570 3562 rain
585 3511 985 3576 eux-mdmesappeiespupnm.

110 3573 381 3641 qmtutoni'npostat
391 3580 459 3627 tenta
470 3573 567 3628 darete·
589 3590 593 3597 ¹
620 3577 632 3607 ⁸
651 3592 666 3631 n
683 3578 771 3642 Stoa
792 3578 825 3628 da
838 3566 1081 3633 insanientem-s·
