2324 3960
338 196 430 255 SAINT
448 198 586 253 PROSPER
601 192 812 258 n’nQUrTmNa.
1002 186 1048 243 23?

199 303 236 366 Ut
248 323 336 386 quum
348 302 439 384 operis
454 300 560 383 species
573 307 676 382 pateat,
691 306 785 360 tamen
797 297 870 358 edita
883 292 987 356 nonsit

198 385 301 445 Norma
314 382 463 444 voluntatis
476 381 510 442 de
525 385 579 471 qua
591 380 667 441 veuit
680 378 725 439 hic
737 377 836 439 modus
852 376 958 458 impar:
1000 387 1051 437 180

198 464 271 536 Quid
286 463 408 524 mirum¹
429 462 451 522 si
464 461 572 522 consilii
584 468 668 540 sup'er
680 459 774 520 omnia
786 457 881 536 magni
959 483 964 490 ·

198 545 337 605 Arcanum
353 543 430 618 latet,
444 549 471 601 et
484 541 584 622 placito
596 538 759 601 subducitur
772 538 852 598 alto?

199 624 278 694 Quod
290 623 356 684 dum
369 641 439 683 vana
452 621 545 681 fluunt
559 619 674 695 mnndi,
697 619 762 679 dum
778 618 807 679 in
827 617 941 697 corpore
955 611 1053 674 mortis

198 704 314 776 Vivitur,
332 710 360 764 et
373 702 455 784 positi
467 701 592 782 expletur
604 708 746 760 certamen
760 697 869 779 agonis,

198 784 260 844 Non
274 780 499 865 cognoscendum
511 779 674 851 biblicus,
691 778 843 859 utiliusque
1002 788 1050 834 iss

199 863 293 941 Duxit,
308 862 343 924 ad
355 880 472 923 examen
484 859 612 941 quaedam
622 858 712 920 velare
724 858 832 940 piorum
844 859 869 917 ².

238 1023 299 1084 Non
312 1041 377 1104 ergo
391 1002 532 1097 instamui'
541 1018 654 1095 clausis,
670 1026 721 1078 nec
732 1024 827 1099 operta
841 1015 951 1098 procaci

201 1103 340 1186 Urgemus
353 1105 437 1172 curb;
454 1099 576 1163 satiscst
587 1117 670 1179 opera
685 1096 891 1178 Omnipotentis

198 1185 327 1256 Cernere,
344 1189 372 1242 ct
382 1186 523 1241 auctorem
538 1186 699 1239 cunctomm
713 1182 795 1239 ndsse
808 1176 958 1252 bonorum,

199 1260 390 1333 Quosineanit
403 1268 508 1320 rectum
521 1278 600 1320 mens
609 1256 730 1319 inchoat.
746 1256 854 1316 Audeat
868 1256 979 1317 amens*
1000 1271 1050 1318 too

199 1343 326 1426 impietas
340 1340 448 1403 tumido
461 1338 573 1400 arbitrio
586 1338 750 1400 subnectere
764 1355 861 1396 causas

198 1422 361 1485 [divinorum
375 1429 510 1503 operum;
526 1436 677 1498 nosquam
688 1415 833 1477 manifesta
846 1415 972 1480 videmus

198 1501 276 1564 Dona
289 1502 351 1577 Dei,
365 1519 484 1582 quorum
498 1505 541 1558 est
553 1497 616 1557 fons
630 1515 715 1572 unus,
731 1514 838 1558 summa
851 1498 989 1571 voluntas,

198 1581 269 1643 Cum
282 1581 368 1643 Paulo
380 1586 390 1619 ⁵
403 1577 550 1640 tremuisse
559 1576 649 1658 juvat,
663 1577 861 1659 stupidumque
875 1577 1000 1642 modeste

198 1662 334 1723 invictum
346 1660 380 1721 ad
395 1660 498 1721 solium
512 1657 614 1720 Christi
628 1657 797 1740 suspendere
810 1666 910 1720 nutum
924 1682 931 1720 :
1000 1675 1049 1722 195

198 1741 282 1822 Cujus
292 1740 429 1823 judicium
443 1739 482 1801 sic
493 1737 672 1800 inscrutabile
684 1746 714 1800 et
725 1739 812 1800 altum

199 1821 332 1896 Dicimus,
348 1830 379 1882 ut
389 1839 471 1882 verax
483 1838 593 1900 prorsus
605 1817 740 1880 fateamur
754 1825 781 1880 et
799 1838 921 1901 aequum.

199 1900 270 1962 Nam
280 1901 432 1963 meritum⁶
448 1899 483 1960 ad
496 1906 613 1961 mortem
630 1898 804 1961 subeundam
817 1899 921 1962 suflicit
939 1922 1026 1968 unum
1040 1927 1048 1977 ;

136 2133 143 2162 ¹
160 2153 171 2177 u
183 2133 246 2196 Quid
268 2131 365 2182 mirum
378 2166 385 2189 ,
406 2135 456 2180 eto.
467 2149 480 2176 ι
501 2131 654 2181 Traduetion
666 2132 697 2182 de
707 2131 742 2181 Le
753 2131 855 2184 Moistre
864 2133 895 2184 de
904 2136 983 2198 sacy:

158 2264 169 2281 ⁴
249 2258 288 2303 Qui
303 2267 373 2305 pourra
384 2255 486 2299 a’eronner,
499 2254 555 2292 l'ima
567 2258 620 2292 etant
632 2256 646 2292 si
654 2228 755 2301 'sublima

249 2307 291 2350 Que
304 2316 337 2340 son
354 2309 393 2340 sort
408 2305 481 2341 tremet
493 2303 530 2340 soit
545 2315 594 2352 poue
606 2316 653 2341 noris
671 2317 696 2341 un
709 2303 820 2342 ahimai...

135 2436 147 2465 ⁹
162 2454 172 2478 u
185 2432 221 2484 nd
231 2447 340 2506 examen
350 2433 481 2506 piorum»
495 2448 560 2500 pour
591 2436 745 2488 conviendra
755 2451 804 2500 que
813 2439 836 2491 le
848 2439 919 2504 poete
928 2445 996 2508 appli
1014 2458 1047 2496 ue

103 2510 204 2547 erercer
214 2497 238 2546 la
248 2498 281 2548 scr
300 2498 379 2547 deses
395 2505 484 2559 saints,
497 2512 559 2562 pour
591 2499 751 2565 l’expressiou
765 2515 826 2553 avec
842 2503 972 2572 beaucoup
997 2458 1046 2558 ius

102 2561 128 2630 ta
139 2561 255 2609 mettrca
267 2560 405 2624 l'dpreuve,
436 2575 484 2610 our
502 2561 558 2612 voir
590 2563 621 2613 de
632 2576 791 2614 convenence
807 2566 822 2614 a
839 2566 912 2630 Dieu,
924 2582 973 2632 que
988 2523 1046 2621 1i'ir·

101 2622 151 2672 s’ils
162 2629 217 2672 sont
227 2623 345 2672 humbies
355 2622 407 2674 etfi
426 2623 485 2674 eles.
590 2626 682 2691 gilene
694 2626 716 2676 ie
732 2626 779 2676 fait
789 2624 922 2681 abiecene.

134 2687 145 2715 ὅ
160 2705 170 2729 «
182 2689 236 2757 Quo
245 2685 307 2747 sine,
318 2691 365 2736 eto.
379 2687 434 2737 »Ge
443 2701 499 2736 vers
508 2693 556 2746 est,
621 2690 632 2721 ⁴
654 2709 665 2734 c
688 2689 784 2740 Audeat
800 2705 888 2742 amens
912 2694 1030 2760 impietas

102 2760 133 2824 en
156 2756 251 2820 partie,
271 2749 406 2812 emprunte'
426 2750 441 2798 a
459 2749 557 2821 Virgile
589 2752 810 2803 etc.»Traduction
820 2754 851 2804 de
862 2755 894 2806 Le
904 2756 1006 2812 Maistrc
1019 2734 1050 2811 dd

101 2809 284 2873 (scorpiaces,
300 2825 343 2875 nr,
363 2810 422 2874 42);
441 2825 506 2862 maus
524 2825 557 2862 on
588 2815 666 2879 sacy:

250 2939 293 2983 Qua
306 2944 355 2994 cette
371 2939 455 2988 impidtb,
469 2948 517 2979 cette
532 2954 598 2980 ermui-
610 2944 694 2983 incensae

252 2989 268 3024 Δ
268 2999 353 3023 eeeeeeee
367 2988 385 3024 1·
396 2992 451 3035 grace
467 2989 478 3026 d
492 2990 593 3029 i'bumeiue
606 2995 698 3042 pernae...

104 3118 560 3246 aidriusi-‘ispiiii'peiiidsbiiiiii
592 3129 690 3237 iiiii}
720 3132 850 3192 mmmm
882 3141 908 3185 a
937 3137 1048 3188 mm

104 3242 350 3308 Pauldansl’iipitre
363 3259 413 3294 aux
428 3247 557 3310 Romains,
622 3250 659 3304 ⁶2«
678 3251 743 3301 Nam
752 3256 874 3307 meritum
901 3266 949 3309 etc.
962 3279 973 3303 n
988 3261 1048 3309 Tra·
1114 3254 1118 3259 ’

103 3307 143 3358 ch.
157 3320 191 3370 rn,
208 3321 232 3357 v.
246 3307 293 3357 33:
317 3327 328 3351 «ι
341 3308 360 3358 0
375 3308 481 3359 altitudo
493 3309 557 3389 diri·
588 3309 689 3362 duction
701 3315 732 3364 dc
750 3317 783 3368 Le
794 3296 894 3370 Maistr'c
916 3324 947 3370 de
968 3323 1047 3385 Sacy:

251 3435 286 3472 Cer
302 3447 327 3472 un
343 3435 383 3472 seul
397 3446 444 3472 nous
456 3447 467 3472 a
481 3441 522 3472 tous
536 3436 615 3484 engage·
628 3437 674 3477 dans
687 3453 720 3480 oon
737 3451 783 3488 tort,

252 3485 332 3540 Etfltous
347 3496 382 3533 par
397 3497 423 3521 un
437 3485 478 3520 seul
492 3485 552 3522 crime
562 3492 595 3524 ont
608 3488 673 3527 mbritt
689 3492 707 3528 ίι
720 3499 780 3535 morta

245 3532 397 3570 aeternornm
414 3546 437 3569 ne
451 3539 498 3582 peut
511 3535 551 3571 rien
567 3547 618 3584 pour
627 3547 698 3585 gagnei
713 3541 731 3577 Ιι
747 3553 854 3589 conrnune,

249 3581 286 3618 Son
303 3582 372 3620 merit·
390 3588 418 3620 est
430 3582 480 3620 cetui
495 3595 532 3632 que
544 3584 561 3621 ia
578 3585 632 3632 grece
646 3587 675 3626 lui
688 3588 760 3626 donne.
