2324 3960
420 151 509 203 siunt
526 150 708 202 cotnnnnn,

198 249 248 311 Vel
261 268 323 330 quae
335 247 487 331 dootiloqui
500 248 659 311 cecinerunt
672 248 794 311 termina
807 256 884 313 vetes
897 270 917 309 ¹.

198 328 253 391 Hes
263 348 330 411 cape
340 328 456 402 divitias,
469 348 579 412 semper
590 326 737 391 eontemne
749 329 864 391 caduces
878 352 885 390 :

169 450 180 469 s
199 409 229 471 lu
242 418 365 471 mentem
385 429 421 471 ue
431 409 481 470 tibi
490 409 584 471 veniat
595 409 777 472 tremebunde
792 417 942 486 senectus,

197 493 288 563 Quum
306 429 405 581 gelide
416 488 527 550 tandem
538 489 663 570 sequitur
675 489 802 551 violentie
815 491 923 552 mortis.
946 544 954 559 ,

198 568 301 630 Ultima
312 589 371 651 Jem
382 569 492 660 sapiens
502 567 652 631 meditatur
660 575 784 651 ternpore
797 570 872 640 vitae‚

199 649 350 731 Torpentes
364 668 441 710 semo
455 648 539 722 vires,
563 649 730 732 morbosque
742 649 912 733 frequentes,

199 727 394 811 Incertumque
409 728 483 792 diem
493 727 578 804 lethi,
591 736 738 812 certosque
750 729 868 792 dolores.

239 970 324 1032 Multa
334 989 431 1032 senem
440 969 545 1053 fragilis
556 934 657 1031 verint
667 969 842 1032 inoomrnoda
857 970 967 1032 carnis:

200 1049 270 1111 Nam
282 1052 370 1112 menie
381 1051 456 1133 turpi
470 1050 614 1112 tabescunt
624 1049 753 1132 languida
767 1049 907 1122 membran

200 1129 279 1192 Tune
289 1150 414 1224 genuum
427 1136 555 1221 junctum
567 1133 648 1213 riget,
664 1150 803 1208 uenasque
813 1149 861 1210 per
874 1149 972 1192 omnes

201 1208 276 1272 lilius
289 1218 320 1271 rir
336 1217 392 1272 toto
406 1210 527 1291 frigescit
541 1230 655 1292 corpore
669 1211 793 1290 sanguis.

199 1287 247 1351 Sin
260 1290 380 1351 'haculo
394 1291 496 1364 nitens,
511 1297 585 1352 artus
599 1297 735 1352 sustentat
751 1289 864 1352 inertes.
1020 1297 1053 1342 2⁵

201 1369 276 1444 Quid
289 1370 380 1433 tristes
391 1389 543 1432 memorem
577 1371 689 1444 emitus‚
702 1368 770 1452 quid
781 1368 862 1431 taedia
874 1366 997 1433 mentis?

201 1446 323 1512 Somnus
337 1448 413 1511 abest
427 1449 523 1522 oeulis,
538 1391 617 1511 ilium
630 1468 716 1511 sonus
733 1449 835 1519 excitat
847 1448 952 1511 omnis.

200 1527 273 1599 Quin
287 1536 355 1591 tune
371 1529 491 1612 argenti,
503 1528 571 1590 fulvi
585 1529 653 1611 quid
687 1528 789 1590 ruderit
799 1528 860 1590 euri

201 1607 325 1689 improba
340 1610 495 1691 congeries,
517 1609 620 1671 multos
633 1549 747 1671 coiiecta
761 1628 811 1692 per
820 1608 926 1670 annos‘t

201 1686 315 1749 Munera
325 1687 392 1770 quid
404 1689 571 1770 procerum?
585 1688 650 1750 ditis
663 1688 730 1772 quid
740 1689 854 1772 prandia
864 1688 991 1751 menete?
1024 1697 1057 1744 30

201 1754 275 1842 Quid
287 1767 449 1831 meminisse
460 1769 537 1849 juvet
545 1777 691 1840 transuetae
703 1769 808 1853 gaudia
820 1771 893 1843 vitae,

201 1846 314 1910 Venerit
322 1849 439 1913 extremi
453 1848 566 1912 tandem
581 1870 668 1932 quum
682 1851 818 1912 terminus
833 1849 885 1911 evi
895 1850 928 1925 t,

200 2094 266 2156 Haee
279 2093 347 2154 dum
360 2091 417 2152 vite
431 2090 515 2167 volat,
531 2089 611 2169 vigili
625 2089 672 2169 qui
687 2095 780 2150 mente
791 2094 929 2166 retrectat,

201 2171 314 2254 Spernit
327 2168 480 2240 avaritiam,
497 2187 637 2249 vanosque
653 2168 755 2228 refutat
771 2172 782 2206 ³
797 2166 928 2229 honores.

201 2248 274 2321 Quid
291 2247 375 2308 mndd
395 2245 509 2307 terrenis
525 2254 634 2307 mentes
647 2245 790 2307 intendere
809 2245 881 2307 euris
1021 2259 1055 2306 ³5

201 2327 331 2389 Mortales
344 2324 480 2406 eupiunt?
492 2324 565 2396 Quid
580 2326 669 2406 turpia
683 2324 758 2385 luera
772 2329 952 2407 sequuntur?

202 2406 319 2488 Semper
336 2424 433 2466 avarus
446 2413 520 2487 eget,
535 2424 587 2465 nec
601 2404 684 2466 habet
696 2403 773 2485 quod
787 2404 889 2484 hebere
899 2406 1018 2470 videtur:

202 2487 250 2549 ille
265 2485 341 2547 domi
351 2480 430 2546 'solus
444 2505 576 2546 nummos
587 2484 732 2546 abscondit
746 2485 775 2545 in
785 2489 857 2554 ared,

201 2564 485 2639 Divitiesoumuians,
504 2565 573 2627 dum
590 2584 650 2628 sese
665 2563 754 2626 nestit
765 2585 871 2627 amare.

200 2647 267 2710 Plus
281 2653 355 2710 amet
364 2645 513 2719 haeredem,
526 2653 617 2709 servat
638 2645 684 2708 oui
700 2652 799 2707 cuneta
813 2644 915 2710 tidelis.
1031 2659 1064 2703 oo

240 2885 486 2959 omniomnis,
501 2906 600 2968 percus
612 2887 658 2948 eui
674 2886 777 2948 suffieit
788 2907 856 2951 usus
866 2893 888 2962 ὅ,
928 2920 936 2931 ³

200 2967 329 3049 Corporis
338 2973 370 3027 ut
383 2985 479 3026 euram
492 2965 683 3028 moderamine
695 2974 833 3049 temperet
849 2989 930 3050 aequn
950 2972 956 3029 !

201 3049 264 3111 Non
279 3046 380 3108 misere
391 3044 498 3129 cupitur
509 3049 637 3127 eaeetque
649 3045 778 3128 cupidine
790 3067 896 3130 rerum,

135 3305 170 3347 ¹·
195 3293 338 3358 Doctiloqui
361 3297 440 3341 vetes.
453 3310 465 3336 o
477 3289 498 3340 il
511 3287 566 3339 faut
631 3289 669 3333 'a
691 3289 740 3350 Sic,
761 3308 773 3334 u
796 3288 870 3351 ainsi,
878 3290 942 3340 dens
954 3296 994 3340 cet
1002 3291 1065 3342 ttat.
1117 3322 1121 3327 -

103 3375 253 3426 remarquer
264 3359 296 3407 ici
310 3369 360 3419 que
377 3354 490 3404 dansees
505 3364 568 3414 qna·
632 3352 671 3396 ³«
693 3352 804 3415 Reium,
818 3368 833 3400 n
858 3353 958 3416 rejetto,
978 3351 1064 3403 dedat·

102 3434 142 3477 tre
154 3439 211 3476 vers
229 3421 295 3473 saint
306 3417 447 3469 columban
465 3426 568 3464 reeom-
602 3428 662 3478 gne.
797 3456 801 3466 ,
931 3476 935 3486 ¹
963 3428 969 3439 ·

102 3480 377 3544 mnndeesnndiseiple
387 3478 412 3528 le
424 3478 518 3528 lecture
526 3475 570 3527 des
635 3476 646 3507 ⁴
660 3493 675 3526 u
687 3476 781 3527 Parcus
794 3477 835 3527 oui
853 3475 949 3526 suffieit
966 3489 1037 3540 usus,
1047 3493 1061 3524 o

102 3556 205 3601 auteurs
223 3555 255 3609 et¹
272 3540 316 3596 dits
329 3542 416 3608 poetes
431 3538 568 3592 ehrttiens.
606 3538 649 3603 qui
663 3552 690 3590 se
703 3545 820 3591 contente
832 3538 862 3589 de
873 3552 932 3602 peu.
