2324 3960
494 152 586 204 sarna
602 152 688 205 nvn.
1022 155 1065 203 Oti

218 252 275 315 Aut
286 253 389 316 morbis
402 255 510 317 tristem
519 255 652 338 bellisque
666 260 714 316 aut
727 252 850 316 cladibus
861 271 984 332 annum5

217 331 273 394 Sed
288 333 371 397 radiis
384 334 503 418 fulgens,
516 343 545 397 et
556 335 663 397 lumine
676 334 793 397 candide
803 334 878 409 laeto,

108 445 112 453 ·
216 412 342 477 Ostendit
354 414 475 478 nitidum
484 415 580 478 eastris
600 415 765 478 mirantibus
778 415 883 497 ignem.

213 491 890 581 Diffugiunttenebrce‚vicimqucsideracednnt.
1015 508 1067 560 san

215 571 390 658 Obstupuere
405 576 458 639 riri
469 575 601 659 primum,
617 596 649 639 ac
659 576 808 660 perterruit
822 594 920 638 omnes

216 651 389 738 incussitque
403 663 510 719 metum
523 655 640 728 novitas,
652 664 715 718 tum
724 656 838 719 luminis
850 674 919 718 usus

214 731 350 798 Paulatim
364 736 475 800 caeleste
480 735 562 820 jubar
574 736 753 801 sommendat
764 736 863 801 amori.

252 919 534 995 blaximamoctumas
549 921 603 987 ‘am
617 943 680 1009 pars
691 930 820 1007 exegerat
830 920 923 997 horas,

211 999 246 1064 Et
255 1001 387 1064 volvenda
401 1001 461 1066 dies
472 944 591 1066 inscio
601 1010 674 1066 sorte
685 1003 859 1088 propinqua·
921 1080 927 1093 Ι
1013 1011 1066 1063 ⁰75

213 1080 382 1144 Cunctorum
397 1103 461 1145 eece
475 1083 562 1146 oculis
575 1104 625 1169 per
634 1082 736 1147 coelum
750 1083 808 1146 visa
824 1098 941 1154 moveri,

212 1160 303 1224 Altera
318 1163 371 1225 iter
378 1162 470 1247 rapuit
483 1164 585 1257 populo
598 1171 739 1249 spectante
751 1162 896 1232 columna3

211 1239 342 1304 Protinus
354 1242 426 1305 hane
439 1251 628 1329 sanctrpatres
641 1263 752 1307 sensere
764 1241 944 1325 sequendam,

212 1319 246 1383 ln
259 1321 329 1385 duce
343 1322 448 1387 enatasti
456 1324 619 1407 gaudentes,
629 1324 755 1408 pmtinus
766 1342 864 1385 omnes

209 1399 350 1486 Abmpere
361 1423 463 1478 moras,
474 1405 626 1488 castrisque
638 1402 770 1467 excedere
779 1409 894 1465 certant.
1013 1413 1066 1461 ceo

209 1478 288 1543 'lunc
296 1488 329 1547 ut
340 1502 457 1567 quaeque
467 1485 555 1547 tribus
566 1484 685 1578 primam
698 1482 793 1547 sortita
805 1482 940 1557 laborem,

211 1557 315 1625 Ordine
328 1563 415 1647 carpit
426 1563 488 1640 iter,
499 1573 625 1649 sequetur
638 1570 700 1629 tum
714 1569 811 1629 caetera
822 1563 919 1650 pubes.

197 1830 202 1839 ἢ
250 1748 316 1813 llaec
332 1749 404 1815 iuter
414 1752 520 1817 clarum
530 1753 641 1817 rediens
654 1752 702 1815 lux
717 1750 812 1835 pandit
825 1749 978 1832 olympum,

208 1828 349 1894 Flammea
364 1833 488 1917 pallescit
497 1841 649 1916 conspecto
661 1833 720 1896 sule
732 1832 872 1895 columna.

205 1908 326 1974 Vertitur
340 1912 369 1975 in
380 1913 483 1977 nubem
498 1921 573 1976 totus
584 1913 631 1995 qui
641 1912 755 1974 fulserat
768 1910 863 1994 ignis:
1008 1920 1061 1968 ees

143 2022 145 2026 ·
208 1988 264 2054 Sed
275 1993 383 2074 species
394 2000 498 2076 perstat
510 2002 597 2054 tensae
610 2010 694 2129 super
706 1991 807 2053 aethera
817 1989 924 2053 formae.

206 2069 299 2133 Tertia
319 2079 471 2134 nocturnos
490 2070 641 2132 deterserat
671 2069 767 2130 ora¹li
806 2086 879 2140 ores,

205 2148 241 2210 Et
254 2149 403 2211 metrrliuas
412 2149 471 2230 jam
481 2151 526 2211 eol
540 2156 714 2229 superaverat
725 2167 774 2209 um
839 2190 847 2218 ‚

205 2227 276 2288 Ecce
287 2228 401 2308 (novum
414 2227 501 2305 dictu)
514 2225 584 2289 coelo
597 2234 703 2288 servata
714 2244 824 2298 sereno,

203 2304 332 2367 Ferventi
343 2305 420 2370 radio
436 2326 468 2368 se
479 2306 555 2388 jussa
569 2324 711 2447 opponere
722 2305 827 2368 nubes·
930 2302 934 2311 '
1007 2317 1059 2363 aee

203 2383 325 2466 Frigida,
341 2384 514 2449 condensum
527 2404 612 2447 eumn
623 2385 678 2449 avit
690 2386 720 2448 in
733 2406 796 2449 aere
810 2391 934 2468 tegmen,

203 2465 261 2529 Nec
276 2474 370 2529 tamen
383 2466 456 2529 hane
469 2465 574 2529 nubem
586 2473 657 2528 tetm
666 2466 771 2529 suffusa
785 2464 877 2529 colore

202 2544 302 2609 Forma
318 2546 409 2624 dabat,
422 2566 474 2610 nec
487 2553 547 2610 erat
559 2546 640 2630 nigro
654 2547 694 2610 sic
704 2546 814 2612 horrida
825 2545 915 2623 vultu,

202 2627 241 2690 Ut
250 2626 355 2690 validos
368 2633 473 2692 terrent
485 2647 574 2712 quum
587 2637 718 2707 promunt
733 2616 827 2691 nubila
840 2627 949 2703 nimbos
962 2654 970 2707 ;

201 2705 258 2770 Sed
276 2709 366 2803 qualis
387 2708 475 2772 solem
496 2707 624 2802 madidus
645 2729 733 2852 duum
750 2707 850 2772 viderit
870 2730 960 2789 arcus,
1001 2727 1052 2775 nee

200 2787 286 2850 Tanta
302 2789 353 2850 furt
367 2790 488 2871 pulchrae
498 2809 605 2872 species
614 2789 650 2853 ob
662 2810 734 2874 onga
749 2789 898 2853 columne.

200 2865 333 2931 Noctibus
342 2868 415 2951 ignis
427 2877 496 2949 arat,
508 2870 662 2959 lumenque
675 2890 790 2935 accensa
806 2871 909 2934 ferebat
921 2895 932 2947 a

136 3110 144 3141 r
169 3109 276 3162 «Tertia
296 3108 367 3158 hora.
379 3125 392 3152 u
416 3109 556 3161 Ancieune-
599 3108 716 3162 derniere
734 3109 750 3160 a
769 3108 808 3160 six
825 3110 918 3162 heures
937 3111 972 3161 du
993 3110 1054 3164 scic.

101 3180 216 3225 meriton
233 3171 354 3236 comptait
364 3170 400 3221 les
411 3171 504 3225 heures
521 3172 555 3222 du
599 3172 710 3238 L’Eglise
722 3174 863 3224 aconserre
872 3178 937 3224 cette
945 3171 1052 3223 division

98 3236 159 3299 jour
175 3235 282 3349 aparlir
302 3233 333 3283 de
351 3233 390 3283 six
408 3234 501 3286 heures
521 3234 556 3305 du
598 3235 805 3289 danaseeotlices
816 3251 822 3286 :
835 3235 898 3286 esix
913 3235 1006 3284 heures
1018 3234 1053 3286 du

102 3298 191 3349 marin.
222 3310 250 3347 ar
259 3297 412 3361 consequent
424 3296 448 3347 la
461 3298 556 3348 troisre·
598 3296 680 3348 melin
713 3310 771 3351 corr
829 3297 864 3347 nd
896 3295 984 3346 l'olllce
1019 3296 1050 3346 de

77 3376 82 3383 ·
101 3373 142 3409 me
162 3361 241 3411 heure
259 3359 448 3422 mrresponuaie
463 3360 479 3408 a
494 3361 566 3413 neul.
597 3359 679 3423 prime
689 3361 726 3424 ;a
745 3372 795 3409 ncu
822 3360 915 3410 heures
933 3356 1000 3407 colui
1018 3357 1049 3407 de

101 3422 193 3473 beares
213 3423 247 3472 du
267 3421 357 3479 malin.
370 3422 395 3471 la
413 3421 518 3472 sixieme
539 3424 556 3472 a
597 3422 687 3484 tierce;
703 3420 804 3484 diuidi,
817 3421 905 3472 atreis
923 3418 1014 3469 beures
1025 3427 1051 3470 et

102 3484 174 3543 midi.
186 3485 212 3535 la
223 3485 454 3536 neuviemedtrois
463 3485 555 3535 beures
596 3483 765 3535 tsixbeures
784 3496 847 3533 ceux
867 3484 899 3535 dc
918 3485 997 3543 sexte,
1019 3481 1050 3534 ne

101 3545 132 3606 de
151 3545 331 3621 tapies-midi,
343 3546 371 3618 lo·
386 3546 517 3607 dorrnieme
529 3554 555 3601 et
595 3559 661 3599 none
672 3552 698 3597 el
708 3546 739 3595 de
748 3543 847 3609 vepres.
