<?xml version="1.0" encoding="UTF-8"?>
<!DOCTYPE html PUBLIC "-//W3C//DTD XHTML 1.0 Transitional//EN"
    "http://www.w3.org/TR/xhtml1/DTD/xhtml1-transitional.dtd">
<html xmlns="http://www.w3.org/1999/xhtml" xml:lang="en" lang="en">
 <head>
  <title>
</title>
<meta http-equiv="Content-Type" content="text/html;charset=utf-8" />
  <meta name='ocr-system' content='tesseract 3.04.00' />
  <meta name='ocr-capabilities' content='ocr_page ocr_carea ocr_par ocr_line ocrx_word'/>
</head>
<body>
  <div class='ocr_page' id='page_1' title='image "./carminaepoetisc01clgoog_0192.png"; bbox 0 0 2324 3960; ppageno 0'>
   <div class='ocr_carea' id='block_1_1' title="bbox 496 180 1056 239">
    <p class='ocr_par' dir='ltr' id='par_1_1' title="bbox 496 180 1056 239">
     <span class='ocr_line' id='line_1_1' title="bbox 496 180 1056 239; baseline 0.011 -8"><span class='ocrx_word' id='word_1_1' title='bbox 496 180 658 233; x_wconf 71' lang='lat' dir='ltr'>ennomus.</span> <span class='ocrx_word' id='word_1_2' title='bbox 1016 192 1056 239; x_wconf 84' lang='lat' dir='ltr'>ill</span> 
     </span>
    </p>
   </div>
   <div class='ocr_carea' id='block_1_2' title="bbox 208 276 1061 687">
    <p class='ocr_par' dir='ltr' id='par_1_2' title="bbox 212 276 877 365">
     <span class='ocr_line' id='line_1_2' title="bbox 212 276 877 365; baseline 0.011 -24"><span class='ocrx_word' id='word_1_3' title='bbox 212 276 382 362; x_wconf 66' lang='lat' dir='ltr'>ingrediens</span> <span class='ocrx_word' id='word_1_4' title='bbox 394 278 501 365; x_wconf 86' lang='lat' dir='ltr'>aliquos</span> <span class='ocrx_word' id='word_1_5' title='bbox 514 285 589 343; x_wconf 87' lang='lat' dir='ltr'>nitor</span> <span class='ocrx_word' id='word_1_6' title='bbox 602 284 761 365; x_wconf 84' lang='lat' dir='ltr'>contingere</span> <span class='ocrx_word' id='word_1_7' title='bbox 774 304 877 348; x_wconf 91' lang='lat' dir='ltr'>ramos.</span> 
     </span>
    </p>

    <p class='ocr_par' dir='ltr' id='par_1_3' title="bbox 209 359 951 527">
     <span class='ocr_line' id='line_1_3' title="bbox 211 359 951 447; baseline 0.008 -26"><span class='ocrx_word' id='word_1_8' title='bbox 211 359 281 421; x_wconf 88' lang='lat' dir='ltr'>Nam</span> <span class='ocrx_word' id='word_1_9' title='bbox 295 368 407 422; x_wconf 89' lang='lat' dir='ltr'>centurn</span> <span class='ocrx_word' id='word_1_10' title='bbox 419 361 483 423; x_wconf 73' lang='lat' dir='ltr'>licet</span> <span class='ocrx_word' id='word_1_11' title='bbox 493 380 542 424; x_wconf 88' lang='lat' dir='ltr'>ora</span> <span class='ocrx_word' id='word_1_12' title='bbox 550 382 666 425; x_wconf 86' lang='lat' dir='ltr'>movens</span> <span class='ocrx_word' id='word_1_13' title='bbox 677 384 730 427; x_wconf 82' lang='lat' dir='ltr'>vox</span> <span class='ocrx_word' id='word_1_14' title='bbox 740 364 829 427; x_wconf 86' lang='lat' dir='ltr'>ferrea</span> <span class='ocrx_word' id='word_1_15' title='bbox 840 366 951 447; x_wconf 80' lang='lat' dir='ltr'>claruet,</span> 
     </span>
     <span class='ocr_line' id='line_1_4' title="bbox 209 439 913 527; baseline 0.011 -26"><span class='ocrx_word' id='word_1_16' title='bbox 209 439 403 523; x_wconf 77' lang='lat' dir='ltr'>centenosque</span> <span class='ocrx_word' id='word_1_17' title='bbox 417 461 501 503; x_wconf 88' lang='lat' dir='ltr'>sonos</span> <span class='ocrx_word' id='word_1_18' title='bbox 513 441 667 504; x_wconf 89' lang='lat' dir='ltr'>humanum</span> <span class='ocrx_word' id='word_1_19' title='bbox 680 452 778 527; x_wconf 88' lang='lat' dir='ltr'>pectus</span> <span class='ocrx_word' id='word_1_20' title='bbox 792 445 913 520; x_wconf 79' lang='lat' dir='ltr'>anhelet,</span> 
     </span>
    </p>

    <p class='ocr_par' dir='ltr' id='par_1_4' title="bbox 209 519 909 607">
     <span class='ocr_line' id='line_1_5' title="bbox 209 519 909 607; baseline 0.007 -25"><span class='ocrx_word' id='word_1_21' title='bbox 209 519 313 583; x_wconf 85' lang='lat' dir='ltr'>Cuncta</span> <span class='ocrx_word' id='word_1_22' title='bbox 327 521 390 605; x_wconf 85' lang='lat' dir='ltr'>quis</span> <span class='ocrx_word' id='word_1_23' title='bbox 400 522 538 604; x_wconf 81' lang='lat' dir='ltr'>expediet,</span> <span class='ocrx_word' id='word_1_24' title='bbox 549 542 667 607; x_wconf 85' lang='lat' dir='ltr'>quorum</span> <span class='ocrx_word' id='word_1_25' title='bbox 680 543 733 587; x_wconf 91' lang='lat' dir='ltr'>uec</span> <span class='ocrx_word' id='word_1_26' title='bbox 744 525 834 588; x_wconf 88' lang='lat' dir='ltr'>lucida</span> <span class='ocrx_word' id='word_1_27' title='bbox 846 526 909 589; x_wconf 86' lang='lat' dir='ltr'>coell</span> 
     </span>
    </p>

    <p class='ocr_par' dir='ltr' id='par_1_5' title="bbox 208 598 1061 687">
     <span class='ocr_line' id='line_1_6' title="bbox 208 598 1061 687; baseline 0.005 -25"><span class='ocrx_word' id='word_1_28' title='bbox 208 598 315 679; x_wconf 81' lang='lat' dir='ltr'>Sidera,</span> <span class='ocrx_word' id='word_1_29' title='bbox 325 618 378 665; x_wconf 87' lang='lat' dir='ltr'>nec</span> <span class='ocrx_word' id='word_1_30' title='bbox 388 600 489 667; x_wconf 79' lang='lat' dir='ltr'>bibula</span> <span class='ocrx_word' id='word_1_31' title='bbox 500 602 624 667; x_wconf 85' lang='lat' dir='ltr'>numeris</span> <span class='ocrx_word' id='word_1_32' title='bbox 637 612 782 687; x_wconf 79' lang='lat' dir='ltr'>aquantur</span> <span class='ocrx_word' id='word_1_33' title='bbox 795 608 907 671; x_wconf 81' lang='lat' dir='ltr'>arenael</span> <span class='ocrx_word' id='word_1_34' title='bbox 1030 623 1061 667; x_wconf 75' lang='lat' dir='ltr'>as</span> 
     </span>
    </p>
   </div>
   <div class='ocr_carea' id='block_1_3' title="bbox 368 868 906 925">
    <p class='ocr_par' dir='ltr' id='par_1_6' title="bbox 368 868 906 925">
     <span class='ocr_line' id='line_1_7' title="bbox 368 868 906 925; baseline 0.007 -4"><span class='ocrx_word' id='word_1_35' title='bbox 368 872 409 921; x_wconf 78' lang='lat'>11.</span> <span class='ocrx_word' id='word_1_36' title='bbox 423 868 604 921; x_wconf 67' lang='lat' dir='ltr'>Nalunm</span> <span class='ocrx_word' id='word_1_37' title='bbox 618 871 660 923; x_wconf 79' lang='grc' dir='ltr'>ιΙο</span> <span class='ocrx_word' id='word_1_38' title='bbox 674 872 906 925; x_wconf 65' lang='grc' dir='ltr'><strong>δύω-(1111111.</strong></span> 
     </span>
    </p>
   </div>
   <div class='ocr_carea' id='block_1_4' title="bbox 183 1063 1057 2269">
    <p class='ocr_par' dir='ltr' id='par_1_7' title="bbox 245 1063 936 1149">
     <span class='ocr_line' id='line_1_8' title="bbox 245 1063 936 1149; baseline -0.003 -22"><span class='ocrx_word' id='word_1_39' title='bbox 245 1066 312 1137; x_wconf 83' lang='lat' dir='ltr'>Quae</span> <span class='ocrx_word' id='word_1_40' title='bbox 321 1084 393 1127; x_wconf 83' lang='lat' dir='ltr'>nova</span> <span class='ocrx_word' id='word_1_41' title='bbox 406 1063 455 1126; x_wconf 86' lang='lat' dir='ltr'>lux</span> <span class='ocrx_word' id='word_1_42' title='bbox 467 1064 583 1138; x_wconf 88' lang='lat' dir='ltr'>mundo,</span> <span class='ocrx_word' id='word_1_43' title='bbox 596 1084 659 1149; x_wconf 76' lang='lat' dir='ltr'>quae</span> <span class='ocrx_word' id='word_1_44' title='bbox 671 1070 731 1129; x_wconf 92' lang='lat' dir='ltr'>toto</span> <span class='ocrx_word' id='word_1_45' title='bbox 743 1070 828 1149; x_wconf 80' lang='lat' dir='ltr'>gratia</span> <span class='ocrx_word' id='word_1_46' title='bbox 843 1064 936 1127; x_wconf 85' lang='lat' dir='ltr'>coelo?</span> 
     </span>
    </p>

    <p class='ocr_par' dir='ltr' id='par_1_8' title="bbox 206 1145 959 1229">
     <span class='ocr_line' id='line_1_9' title="bbox 206 1145 959 1229; baseline -0.003 -22"><span class='ocrx_word' id='word_1_47' title='bbox 206 1147 273 1218; x_wconf 83' lang='lat' dir='ltr'>Quis</span> <span class='ocrx_word' id='word_1_48' title='bbox 285 1147 339 1208; x_wconf 86' lang='lat' dir='ltr'>fuit</span> <span class='ocrx_word' id='word_1_49' title='bbox 352 1146 398 1207; x_wconf 91' lang='lat' dir='ltr'>ille</span> <span class='ocrx_word' id='word_1_50' title='bbox 413 1146 496 1225; x_wconf 83' lang='lat' dir='ltr'>niter,</span> <span class='ocrx_word' id='word_1_51' title='bbox 508 1145 599 1208; x_wconf 84' lang='lat' dir='ltr'>Mariae</span> <span class='ocrx_word' id='word_1_52' title='bbox 611 1166 700 1229; x_wconf 89' lang='lat' dir='ltr'>quum</span> <span class='ocrx_word' id='word_1_53' title='bbox 710 1146 836 1209; x_wconf 85' lang='lat' dir='ltr'>Christus</span> <span class='ocrx_word' id='word_1_54' title='bbox 847 1145 880 1206; x_wconf 88' lang='lat' dir='ltr'>ab</span> <span class='ocrx_word' id='word_1_55' title='bbox 899 1145 959 1205; x_wconf 86' lang='lat' dir='ltr'>alvo</span> 
     </span>
    </p>

    <p class='ocr_par' dir='ltr' id='par_1_9' title="bbox 206 1222 891 1309">
     <span class='ocr_line' id='line_1_10' title="bbox 206 1222 891 1309; baseline -0.004 -22"><span class='ocrx_word' id='word_1_56' title='bbox 206 1226 344 1289; x_wconf 76' lang='lat' dir='ltr'>Processit</span> <span class='ocrx_word' id='word_1_57' title='bbox 355 1222 501 1309; x_wconf 79' lang='lat' dir='ltr'>splendore</span> <span class='ocrx_word' id='word_1_58' title='bbox 512 1228 603 1288; x_wconf 83' lang='lat' dir='ltr'>noro?</span> <span class='ocrx_word' id='word_1_59' title='bbox 614 1227 690 1289; x_wconf 82' lang='lat' dir='ltr'>velut</span> <span class='ocrx_word' id='word_1_60' title='bbox 701 1226 776 1307; x_wconf 76' lang='lat' dir='ltr'>ipse*</span> <span class='ocrx_word' id='word_1_61' title='bbox 791 1224 891 1285; x_wconf 85' lang='lat' dir='ltr'>decoro</span> 
     </span>
    </p>

    <p class='ocr_par' dir='ltr' id='par_1_10' title="bbox 206 1302 971 1387">
     <span class='ocr_line' id='line_1_11' title="bbox 206 1302 971 1387; baseline -0.005 -20"><span class='ocrx_word' id='word_1_62' title='bbox 206 1302 332 1387; x_wconf 83' lang='lat' dir='ltr'>Sponsus</span> <span class='ocrx_word' id='word_1_63' title='bbox 345 1326 431 1367; x_wconf 86' lang='lat' dir='ltr'>ovans</span> <span class='ocrx_word' id='word_1_64' title='bbox 441 1304 574 1379; x_wconf 80' lang='lat' dir='ltr'>thalamo,</span> <span class='ocrx_word' id='word_1_65' title='bbox 586 1306 674 1368; x_wconf 75' lang='lat' dir='ltr'>ferma</span> <span class='ocrx_word' id='word_1_66' title='bbox 688 1305 829 1386; x_wconf 88' lang='lat' dir='ltr'>speciosus</span> <span class='ocrx_word' id='word_1_67' title='bbox 843 1307 971 1366; x_wconf 69' lang='lat' dir='ltr'>amount*</span> 
     </span>
    </p>

    <p class='ocr_par' dir='ltr' id='par_1_11' title="bbox 206 1384 1057 1468">
     <span class='ocr_line' id='line_1_12' title="bbox 206 1384 1057 1468; baseline 0.002 -21"><span class='ocrx_word' id='word_1_68' title='bbox 206 1388 267 1449; x_wconf 79' lang='lat' dir='ltr'>Prae</span> <span class='ocrx_word' id='word_1_69' title='bbox 280 1384 354 1447; x_wconf 86' lang='lat' dir='ltr'>natis</span> <span class='ocrx_word' id='word_1_70' title='bbox 366 1384 524 1457; x_wconf 88' lang='lat' dir='ltr'>hominum,</span> <span class='ocrx_word' id='word_1_71' title='bbox 541 1388 620 1468; x_wconf 88' lang='lat' dir='ltr'>cujus</span> <span class='ocrx_word' id='word_1_72' title='bbox 632 1384 756 1447; x_wconf 85' lang='lat' dir='ltr'>radiante</span> <span class='ocrx_word' id='word_1_73' title='bbox 768 1384 858 1464; x_wconf 82' lang='lat' dir='ltr'>ligurl</span> <span class='ocrx_word' id='word_1_74' title='bbox 1026 1403 1057 1448; x_wconf 73' lang='lat' dir='ltr'>etr</span> 
     </span>
    </p>

    <p class='ocr_par' dir='ltr' id='par_1_12' title="bbox 205 1463 876 1545">
     <span class='ocr_line' id='line_1_13' title="bbox 205 1463 876 1545; baseline -0.003 -18"><span class='ocrx_word' id='word_1_75' title='bbox 205 1465 334 1528; x_wconf 86' lang='lat' dir='ltr'>Blandior</span> <span class='ocrx_word' id='word_1_76' title='bbox 345 1465 375 1527; x_wconf 90' lang='lat' dir='ltr'>in</span> <span class='ocrx_word' id='word_1_77' title='bbox 386 1464 466 1545; x_wconf 73' lang='lat' dir='ltr'>lalpiie</span> <span class='ocrx_word' id='word_1_78' title='bbox 481 1466 581 1527; x_wconf 86' lang='lat' dir='ltr'>diffusa</span> <span class='ocrx_word' id='word_1_79' title='bbox 592 1477 635 1527; x_wconf 86' lang='lat' dir='ltr'>est</span> <span class='ocrx_word' id='word_1_80' title='bbox 644 1465 729 1543; x_wconf 77' lang='lat' dir='ltr'>gratia</span> <span class='ocrx_word' id='word_1_81' title='bbox 742 1463 876 1545; x_wconf 86' lang='lat' dir='ltr'>pulchris.</span> 
     </span>
    </p>

    <p class='ocr_par' dir='ltr' id='par_1_13' title="bbox 205 1544 798 1619">
     <span class='ocr_line' id='line_1_14' title="bbox 205 1544 798 1619; baseline -0.002 -12"><span class='ocrx_word' id='word_1_82' title='bbox 205 1544 228 1607; x_wconf 91' lang='lat'>0</span> <span class='ocrx_word' id='word_1_83' title='bbox 242 1544 329 1607; x_wconf 72' lang='lat' dir='ltr'>lacilie</span> <span class='ocrx_word' id='word_1_84' title='bbox 360 1544 442 1606; x_wconf 81' lang='lat' dir='ltr'>ictas!</span> <span class='ocrx_word' id='word_1_85' title='bbox 455 1565 492 1607; x_wconf 90' lang='lat' dir='ltr'>ne</span> <span class='ocrx_word' id='word_1_86' title='bbox 505 1565 556 1606; x_wconf 88' lang='lat' dir='ltr'>nos</span> <span class='ocrx_word' id='word_1_87' title='bbox 568 1545 666 1607; x_wconf 85' lang='lat' dir='ltr'>servile</span> <span class='ocrx_word' id='word_1_88' title='bbox 679 1552 798 1619; x_wconf 88' lang='lat' dir='ltr'>teneret,</span> 
     </span>
    </p>

    <p class='ocr_par' dir='ltr' id='par_1_14' title="bbox 205 1562 1056 1949">
     <span class='ocr_line' id='line_1_15' title="bbox 206 1562 898 1707; baseline 0.003 -22"><span class='ocrx_word' id='word_1_89' title='bbox 206 1627 324 1686; x_wconf 89' lang='lat' dir='ltr'>Peccato</span> <span class='ocrx_word' id='word_1_90' title='bbox 338 1562 509 1697; x_wconf 60' lang='lat' dir='ltr'>inminente,</span> <span class='ocrx_word' id='word_1_91' title='bbox 521 1626 631 1707; x_wconf 80' lang='lat' dir='ltr'>jugum,</span> <span class='ocrx_word' id='word_1_92' title='bbox 649 1624 758 1686; x_wconf 89' lang='lat' dir='ltr'>servilia</span> <span class='ocrx_word' id='word_1_93' title='bbox 772 1644 898 1687; x_wconf 87' lang='lat' dir='ltr'>summus</span> 
     </span>
     <span class='ocr_line' id='line_1_16' title="bbox 205 1700 1008 1788; baseline 0.001 -23"><span class='ocrx_word' id='word_1_94' title='bbox 205 1700 348 1765; x_wconf 76' lang='lat' dir='ltr'>Membra’</span> <span class='ocrx_word' id='word_1_95' title='bbox 363 1702 429 1767; x_wconf 90' lang='lat' dir='ltr'>tulit</span> <span class='ocrx_word' id='word_1_96' title='bbox 435 1704 582 1779; x_wconf 83' lang='lat' dir='ltr'>Dominus,</span> <span class='ocrx_word' id='word_1_97' title='bbox 598 1704 733 1788; x_wconf 85' lang='lat' dir='ltr'>primique</span> <span class='ocrx_word' id='word_1_98' title='bbox 745 1704 779 1767; x_wconf 89' lang='lat' dir='ltr'>ab</span> <span class='ocrx_word' id='word_1_99' title='bbox 791 1704 898 1787; x_wconf 85' lang='lat' dir='ltr'>origine</span> <span class='ocrx_word' id='word_1_100' title='bbox 912 1704 1008 1767; x_wconf 89' lang='lat' dir='ltr'>mundi</span> 
     </span>
     <span class='ocr_line' id='line_1_17' title="bbox 205 1782 1056 1867; baseline 0.005 -23"><span class='ocrx_word' id='word_1_101' title='bbox 205 1782 304 1845; x_wconf 86' lang='lat' dir='ltr'>Omnia</span> <span class='ocrx_word' id='word_1_102' title='bbox 317 1782 365 1867; x_wconf 87' lang='lat' dir='ltr'>qui</span> <span class='ocrx_word' id='word_1_103' title='bbox 378 1784 497 1867; x_wconf 88' lang='lat' dir='ltr'>propriis</span> <span class='ocrx_word' id='word_1_104' title='bbox 509 1784 591 1847; x_wconf 85' lang='lat' dir='ltr'>vestit</span> <span class='ocrx_word' id='word_1_105' title='bbox 601 1785 741 1847; x_wconf 86' lang='lat' dir='ltr'>nascentia</span> <span class='ocrx_word' id='word_1_106' title='bbox 756 1784 847 1860; x_wconf 89' lang='lat' dir='ltr'>donis,</span> <span class='ocrx_word' id='word_1_107' title='bbox 1023 1803 1056 1848; x_wconf 74' lang='lat' dir='ltr'>ee</span> 
     </span>
     <span class='ocr_line' id='line_1_18' title="bbox 205 1860 828 1949; baseline 0.005 -25"><span class='ocrx_word' id='word_1_108' title='bbox 205 1862 318 1925; x_wconf 85' lang='lat' dir='ltr'>Obsitus</span> <span class='ocrx_word' id='word_1_109' title='bbox 331 1863 437 1946; x_wconf 78' lang='lat' dir='ltr'>exiguis</span> <span class='ocrx_word' id='word_1_110' title='bbox 450 1860 547 1927; x_wconf 89' lang='lat' dir='ltr'>hahuit</span> <span class='ocrx_word' id='word_1_111' title='bbox 560 1862 697 1928; x_wconf 86' lang='lat' dir='ltr'>velamina</span> <span class='ocrx_word' id='word_1_112' title='bbox 712 1866 828 1949; x_wconf 88' lang='lat' dir='ltr'>pannis:</span> 
     </span>
    </p>

    <p class='ocr_par' dir='ltr' id='par_1_15' title="bbox 202 1942 935 2109">
     <span class='ocr_line' id='line_1_19' title="bbox 203 1942 935 2027; baseline 0.003 -23"><span class='ocrx_word' id='word_1_113' title='bbox 203 1942 350 2025; x_wconf 77' lang='lat' dir='ltr'>Quemque</span> <span class='ocrx_word' id='word_1_114' title='bbox 359 1945 503 2027; x_wconf 81' lang='lat' dir='ltr'>procellosi</span> <span class='ocrx_word' id='word_1_115' title='bbox 516 1964 573 2007; x_wconf 92' lang='lat' dir='ltr'>non</span> <span class='ocrx_word' id='word_1_116' title='bbox 586 1944 694 2007; x_wconf 85' lang='lat' dir='ltr'>mobilis</span> <span class='ocrx_word' id='word_1_117' title='bbox 707 1946 783 2007; x_wconf 88' lang='lat' dir='ltr'>unda</span> <span class='ocrx_word' id='word_1_118' title='bbox 797 1942 935 2027; x_wconf 83' lang='lat' dir='ltr'>profundi,</span> 
     </span>
     <span class='ocr_line' id='line_1_20' title="bbox 202 2023 878 2109; baseline -0.001 -24"><span class='ocrx_word' id='word_1_119' title='bbox 202 2023 350 2087; x_wconf 84' lang='lat' dir='ltr'>Terrarum</span> <span class='ocrx_word' id='word_1_120' title='bbox 363 2044 421 2087; x_wconf 87' lang='lat' dir='ltr'>uon</span> <span class='ocrx_word' id='word_1_121' title='bbox 434 2044 518 2087; x_wconf 89' lang='lat' dir='ltr'>omna</span> <span class='ocrx_word' id='word_1_122' title='bbox 528 2024 632 2101; x_wconf 81' lang='lat' dir='ltr'>solum,</span> <span class='ocrx_word' id='word_1_123' title='bbox 645 2029 819 2109; x_wconf 83' lang='lat' dir='ltr'>spatiosaque</span> <span class='ocrx_word' id='word_1_124' title='bbox 832 2024 878 2085; x_wconf 88' lang='lat' dir='ltr'>lati</span> 
     </span>
    </p>

    <p class='ocr_par' dir='ltr' id='par_1_16' title="bbox 183 2102 910 2187">
     <span class='ocr_line' id='line_1_21' title="bbox 183 2102 910 2187; baseline 0.003 -24"><span class='ocrx_word' id='word_1_125' title='bbox 183 2154 188 2163; x_wconf 90' lang='lat'>.</span> <span class='ocrx_word' id='word_1_126' title='bbox 202 2102 266 2166; x_wconf 89' lang='lat' dir='ltr'>Non</span> <span class='ocrx_word' id='word_1_127' title='bbox 278 2104 351 2187; x_wconf 88' lang='lat' dir='ltr'>capit</span> <span class='ocrx_word' id='word_1_128' title='bbox 363 2104 426 2167; x_wconf 87' lang='lat' dir='ltr'>aula</span> <span class='ocrx_word' id='word_1_129' title='bbox 434 2102 500 2187; x_wconf 89' lang='lat' dir='ltr'>poli,</span> <span class='ocrx_word' id='word_1_130' title='bbox 513 2102 614 2187; x_wconf 87' lang='lat' dir='ltr'>puerili</span> <span class='ocrx_word' id='word_1_131' title='bbox 625 2106 655 2167; x_wconf 90' lang='lat' dir='ltr'>in</span> <span class='ocrx_word' id='word_1_132' title='bbox 666 2122 781 2187; x_wconf 88' lang='lat' dir='ltr'>corpore</span> <span class='ocrx_word' id='word_1_133' title='bbox 795 2103 910 2186; x_wconf 67' lang='lat' dir='ltr'>plenus*</span> 
     </span>
    </p>

    <p class='ocr_par' dir='ltr' id='par_1_17' title="bbox 202 2182 1056 2269">
     <span class='ocr_line' id='line_1_22' title="bbox 202 2182 1056 2269; baseline 0.004 -24"><span class='ocrx_word' id='word_1_134' title='bbox 202 2182 315 2259; x_wconf 83' lang='lat' dir='ltr'>Mansit,</span> <span class='ocrx_word' id='word_1_135' title='bbox 329 2192 357 2245; x_wconf 89' lang='lat' dir='ltr'>et</span> <span class='ocrx_word' id='word_1_136' title='bbox 369 2196 486 2269; x_wconf 80' lang='lat' dir='ltr'>angusto</span> <span class='ocrx_word' id='word_1_137' title='bbox 500 2186 574 2248; x_wconf 88' lang='lat' dir='ltr'>lleus</span> <span class='ocrx_word' id='word_1_138' title='bbox 588 2184 618 2247; x_wconf 90' lang='lat' dir='ltr'>in</span> <span class='ocrx_word' id='word_1_139' title='bbox 631 2203 753 2269; x_wconf 78' lang='lat' dir='ltr'>presepe</span> <span class='ocrx_word' id='word_1_140' title='bbox 767 2184 882 2264; x_wconf 85' lang='lat' dir='ltr'>quievit.</span> <span class='ocrx_word' id='word_1_141' title='bbox 1008 2201 1056 2247; x_wconf 87' lang='lat' dir='ltr'>roc</span> 
     </span>
    </p>
   </div>
   <div class='ocr_carea' id='block_1_5' title="bbox 201 2393 1054 2958">
    <p class='ocr_par' dir='ltr' id='par_1_18' title="bbox 201 2393 1054 2958">
     <span class='ocr_line' id='line_1_23' title="bbox 242 2393 925 2479; baseline 0 -22"><span class='ocrx_word' id='word_1_142' title='bbox 242 2393 336 2469; x_wconf 85' lang='lat' dir='ltr'>Salve,</span> <span class='ocrx_word' id='word_1_143' title='bbox 349 2402 444 2458; x_wconf 83' lang='lat' dir='ltr'>sancta</span> <span class='ocrx_word' id='word_1_144' title='bbox 456 2412 565 2479; x_wconf 80' lang='lat' dir='ltr'>parcns,</span> <span class='ocrx_word' id='word_1_145' title='bbox 579 2394 660 2458; x_wconf 84' lang='lat' dir='ltr'>enixa</span> <span class='ocrx_word' id='word_1_146' title='bbox 671 2412 804 2479; x_wconf 86' lang='lat' dir='ltr'>puerpera</span> <span class='ocrx_word' id='word_1_147' title='bbox 819 2412 925 2477; x_wconf 82' lang='lat' dir='ltr'>regem,</span> 
     </span>
     <span class='ocr_line' id='line_1_24' title="bbox 202 2474 910 2559; baseline 0.003 -24"><span class='ocrx_word' id='word_1_148' title='bbox 202 2474 256 2546; x_wconf 79' lang='lat' dir='ltr'>Oui</span> <span class='ocrx_word' id='word_1_149' title='bbox 269 2474 371 2536; x_wconf 71' lang='lat' dir='ltr'>coelum</span> <span class='ocrx_word' id='word_1_150' title='bbox 384 2482 542 2559; x_wconf 86' lang='lat' dir='ltr'>terramque</span> <span class='ocrx_word' id='word_1_151' title='bbox 556 2482 633 2538; x_wconf 89' lang='lat' dir='ltr'>tenet</span> <span class='ocrx_word' id='word_1_152' title='bbox 647 2496 697 2559; x_wconf 91' lang='lat' dir='ltr'>per</span> <span class='ocrx_word' id='word_1_153' title='bbox 707 2475 817 2550; x_wconf 72' lang='lat' dir='ltr'>saecula,</span> <span class='ocrx_word' id='word_1_154' title='bbox 831 2477 910 2556; x_wconf 87' lang='lat' dir='ltr'>cujus</span> 
     </span>
     <span class='ocr_line' id='line_1_25' title="bbox 201 2553 873 2639; baseline 0.001 -23"><span class='ocrx_word' id='word_1_155' title='bbox 201 2553 325 2633; x_wconf 88' lang='lat' dir='ltr'>Numen,</span> <span class='ocrx_word' id='word_1_156' title='bbox 338 2563 366 2616; x_wconf 86' lang='lat' dir='ltr'>et</span> <span class='ocrx_word' id='word_1_157' title='bbox 378 2562 482 2618; x_wconf 72' lang='lat' dir='ltr'>aeterno</span> <span class='ocrx_word' id='word_1_158' title='bbox 496 2557 683 2639; x_wconf 85' lang='lat' dir='ltr'>complectens</span> <span class='ocrx_word' id='word_1_159' title='bbox 697 2556 792 2617; x_wconf 90' lang='lat' dir='ltr'>omnia</span> <span class='ocrx_word' id='word_1_160' title='bbox 823 2576 873 2637; x_wconf 85' lang='lat' dir='ltr'>yro</span> 
     </span>
     <span class='ocr_line' id='line_1_26' title="bbox 203 2628 898 2729; baseline 0.001 -33"><span class='ocrx_word' id='word_1_161' title='bbox 203 2628 356 2716; x_wconf 87' lang='lat' dir='ltr'>Imperium</span> <span class='ocrx_word' id='word_1_162' title='bbox 369 2636 431 2697; x_wconf 73' lang='lat' dir='ltr'>sine</span> <span class='ocrx_word' id='word_1_163' title='bbox 442 2636 501 2698; x_wconf 91' lang='lat' dir='ltr'>line</span> <span class='ocrx_word' id='word_1_164' title='bbox 516 2644 621 2712; x_wconf 88' lang='lat' dir='ltr'>manet,</span> <span class='ocrx_word' id='word_1_165' title='bbox 633 2656 697 2729; x_wconf 72' lang='lat' dir='ltr'>qum</span> <span class='ocrx_word' id='word_1_166' title='bbox 709 2643 806 2697; x_wconf 83' lang='lat' dir='ltr'>ventre</span> <span class='ocrx_word' id='word_1_167' title='bbox 870 2643 898 2697; x_wconf 87' lang='lat' dir='ltr'>tc</span> 
     </span>
     <span class='ocr_line' id='line_1_27' title="bbox 201 2713 1054 2799; baseline 0 -22"><span class='ocrx_word' id='word_1_168' title='bbox 201 2713 307 2777; x_wconf 79' lang='lat' dir='ltr'>Gaudia</span> <span class='ocrx_word' id='word_1_169' title='bbox 319 2715 416 2777; x_wconf 86' lang='lat' dir='ltr'>matris</span> <span class='ocrx_word' id='word_1_170' title='bbox 429 2715 533 2777; x_wconf 80' lang='lat' dir='ltr'>liabens</span> <span class='ocrx_word' id='word_1_171' title='bbox 546 2736 612 2779; x_wconf 86' lang='lat' dir='ltr'>cum</span> <span class='ocrx_word' id='word_1_172' title='bbox 622 2717 789 2799; x_wconf 78' lang='lat' dir='ltr'>urginitatis</span> <span class='ocrx_word' id='word_1_173' title='bbox 802 2714 919 2790; x_wconf 90' lang='lat' dir='ltr'>honore,</span> <span class='ocrx_word' id='word_1_174' title='bbox 1007 2733 1054 2780; x_wconf 80' lang='lat' dir='ltr'>ros.</span> 
     </span>
     <span class='ocr_line' id='line_1_28' title="bbox 201 2792 1031 2880; baseline 0.005 -25"><span class='ocrx_word' id='word_1_175' title='bbox 201 2792 260 2857; x_wconf 82' lang='lat' dir='ltr'>lleo</span> <span class='ocrx_word' id='word_1_176' title='bbox 271 2795 407 2874; x_wconf 77' lang='lat' dir='ltr'>primam·</span> <span class='ocrx_word' id='word_1_177' title='bbox 419 2796 606 2859; x_wconf 82' lang='lat' dir='ltr'>similemuisa</span> <span class='ocrx_word' id='word_1_178' title='bbox 620 2816 662 2871; x_wconf 88' lang='lat' dir='ltr'>es,</span> <span class='ocrx_word' id='word_1_179' title='bbox 675 2816 727 2859; x_wconf 88' lang='lat' dir='ltr'>nec</span> <span class='ocrx_word' id='word_1_180' title='bbox 740 2795 841 2859; x_wconf 88' lang='lat' dir='ltr'>hahere</span> <span class='ocrx_word' id='word_1_181' title='bbox 852 2804 1015 2880; x_wconf 87' lang='lat' dir='ltr'>sequentem</span> <span class='ocrx_word' id='word_1_182' title='bbox 1021 2818 1031 2879; x_wconf 85' lang='lat'>;</span> 
     </span>
     <span class='ocr_line' id='line_1_29' title="bbox 202 2870 876 2958; baseline 0.001 -21"><span class='ocrx_word' id='word_1_183' title='bbox 202 2870 268 2938; x_wconf 88' lang='lat' dir='ltr'>Sola</span> <span class='ocrx_word' id='word_1_184' title='bbox 281 2873 342 2939; x_wconf 74' lang='lat' dir='ltr'>sine</span> <span class='ocrx_word' id='word_1_185' title='bbox 354 2875 485 2957; x_wconf 60' lang='lat' dir='ltr'>exemplo,</span> <span class='ocrx_word' id='word_1_186' title='bbox 494 2876 621 2958; x_wconf 82' lang='lat' dir='ltr'>placuisti</span> <span class='ocrx_word' id='word_1_187' title='bbox 631 2876 735 2941; x_wconf 86' lang='lat' dir='ltr'>femina</span> <span class='ocrx_word' id='word_1_188' title='bbox 749 2876 876 2941; x_wconf 86' lang='lat' dir='ltr'>Christol</span> 
     </span>
    </p>
   </div>
   <div class='ocr_carea' id='block_1_6' title="bbox 99 3136 1056 3639">
    <p class='ocr_par' dir='ltr' id='par_1_19' title="bbox 99 3136 1056 3639">
     <span class='ocr_line' id='line_1_30' title="bbox 133 3136 1056 3214; baseline 0.002 -21"><span class='ocrx_word' id='word_1_189' title='bbox 133 3138 142 3179; x_wconf 87' lang='lat'>¹</span> <span class='ocrx_word' id='word_1_190' title='bbox 161 3136 263 3195; x_wconf 74' lang='lat' dir='ltr'>«Velut</span> <span class='ocrx_word' id='word_1_191' title='bbox 280 3140 350 3205; x_wconf 81' lang='lat' dir='ltr'>ipse,</span> <span class='ocrx_word' id='word_1_192' title='bbox 361 3146 411 3192; x_wconf 82' lang='lat' dir='ltr'>etc.</span> <span class='ocrx_word' id='word_1_193' title='bbox 429 3139 561 3191; x_wconf 73' lang='lat' dir='ltr'>»Psaume</span> <span class='ocrx_word' id='word_1_194' title='bbox 632 3139 785 3193; x_wconf 78' lang='lat' dir='ltr'>⁸«serviria</span> <span class='ocrx_word' id='word_1_195' title='bbox 806 3142 931 3214; x_wconf 74' lang='lat' dir='ltr'>mambra.</span> <span class='ocrx_word' id='word_1_196' title='bbox 954 3141 1056 3195; x_wconf 73' lang='lat' dir='ltr'>»sunt</span> 
     </span>
     <span class='ocr_line' id='line_1_31' title="bbox 100 3200 1054 3320; baseline 0.001 -66"><span class='ocrx_word' id='word_1_197' title='bbox 100 3209 280 3320; x_wconf 53' lang='lat' dir='ltr'>reppphpdpplp</span> <span class='ocrx_word' id='word_1_198' title='bbox 291 3203 363 3315; x_wconf 73' lang='lat' dir='ltr'>pelut</span> <span class='ocrx_word' id='word_1_199' title='bbox 377 3216 484 3267; x_wconf 83' lang='lat' dir='ltr'>sponsus</span> <span class='ocrx_word' id='word_1_200' title='bbox 499 3216 561 3266; x_wconf 90' lang='lat' dir='ltr'>pro·</span> <span class='ocrx_word' id='word_1_201' title='bbox 599 3200 1018 3317; x_wconf 47' lang='lat' dir='ltr'>{⁸¹¹i&#39;·Ep&#39;s{MMlipp⁸m·⁸&#39;⁰hf</span> <span class='ocrx_word' id='word_1_202' title='bbox 1028 3221 1054 3278; x_wconf 83' lang='lat'>¹!·</span> 
     </span>
     <span class='ocr_line' id='line_1_32' title="bbox 133 3273 1056 3398; baseline 0.002 -22"><span class='ocrx_word' id='word_1_203' title='bbox 133 3330 146 3360; x_wconf 84' lang='lat'><strong>¹</strong></span> <span class='ocrx_word' id='word_1_204' title='bbox 163 3322 182 3376; x_wconf 78' lang='grc' dir='ltr'>ἰ</span> <span class='ocrx_word' id='word_1_205' title='bbox 201 3280 294 3381; x_wconf 55' lang='lat' dir='ltr'>Formi</span> <span class='ocrx_word' id='word_1_206' title='bbox 306 3278 450 3392; x_wconf 36' lang='lat' dir='ltr'>&amp;acilius</span> <span class='ocrx_word' id='word_1_207' title='bbox 479 3338 559 3379; x_wconf 81' lang='lat' dir='ltr'>mma·</span> <span class='ocrx_word' id='word_1_208' title='bbox 600 3282 709 3398; x_wconf 63' lang='lat' dir='ltr'>turmam⁴</span> <span class='ocrx_word' id='word_1_209' title='bbox 720 3273 1056 3394; x_wconf 58' lang='lat' dir='ltr'>serpoieppcsppppnppppapippp</span> 
     </span>
     <span class='ocr_line' id='line_1_33' title="bbox 101 3386 1006 3452; baseline -0.009 -9"><span class='ocrx_word' id='word_1_210' title='bbox 101 3390 151 3452; x_wconf 72' lang='lat' dir='ltr'>nt,</span> <span class='ocrx_word' id='word_1_211' title='bbox 169 3398 218 3443; x_wconf 88' lang='lat' dir='ltr'>etc.</span> <span class='ocrx_word' id='word_1_212' title='bbox 241 3410 253 3436; x_wconf 73' lang='grc' dir='ltr'>ι</span> <span class='ocrx_word' id='word_1_213' title='bbox 275 3390 381 3441; x_wconf 80' lang='lat' dir='ltr'>Psaume</span> <span class='ocrx_word' id='word_1_214' title='bbox 401 3402 473 3449; x_wconf 80' lang='lat' dir='ltr'>xciv,</span> <span class='ocrx_word' id='word_1_215' title='bbox 488 3402 513 3437; x_wconf 84' lang='lat' dir='ltr'>r.</span> <span class='ocrx_word' id='word_1_216' title='bbox 525 3389 558 3439; x_wconf 86' lang='lat'>3:</span> <span class='ocrx_word' id='word_1_217' title='bbox 599 3388 734 3441; x_wconf 79' lang='lat' dir='ltr'>lrtnrlinem</span> <span class='ocrx_word' id='word_1_218' title='bbox 745 3392 881 3441; x_wconf 89' lang='lat' dir='ltr'>hominum</span> <span class='ocrx_word' id='word_1_219' title='bbox 894 3386 1006 3440; x_wconf 57' lang='lat' dir='ltr'>saclusa</span> 
     </span>
     <span class='ocr_line' id='line_1_34' title="bbox 102 3449 967 3518; baseline -0.003 -15"><span class='ocrx_word' id='word_1_220' title='bbox 102 3472 116 3499; x_wconf 76' lang='lat' dir='ltr'>c</span> <span class='ocrx_word' id='word_1_221' title='bbox 125 3452 255 3518; x_wconf 81' lang='lat' dir='ltr'>speciosus</span> <span class='ocrx_word' id='word_1_222' title='bbox 272 3452 356 3503; x_wconf 74' lang='lat' dir='ltr'>torma</span> <span class='ocrx_word' id='word_1_223' title='bbox 368 3464 422 3517; x_wconf 85' lang='lat' dir='ltr'>prae</span> <span class='ocrx_word' id='word_1_224' title='bbox 435 3449 496 3501; x_wconf 87' lang='lat' dir='ltr'>llliis</span> <span class='ocrx_word' id='word_1_225' title='bbox 510 3452 559 3500; x_wconf 90' lang='lat' dir='ltr'>he-</span> <span class='ocrx_word' id='word_1_226' title='bbox 631 3452 643 3482; x_wconf 83' lang='lat'>⁴</span> <span class='ocrx_word' id='word_1_227' title='bbox 656 3471 667 3495; x_wconf 78' lang='grc' dir='ltr'><strong>α</strong></span> <span class='ocrx_word' id='word_1_228' title='bbox 678 3452 778 3512; x_wconf 86' lang='lat' dir='ltr'>Plenus,</span> <span class='ocrx_word' id='word_1_229' title='bbox 790 3457 866 3505; x_wconf 74' lang='lat' dir='ltr'>»tout</span> <span class='ocrx_word' id='word_1_230' title='bbox 876 3449 967 3500; x_wconf 86' lang='lat' dir='ltr'>entier.</span> 
     </span>
     <span class='ocr_line' id='line_1_35' title="bbox 99 3512 1053 3585; baseline -0.002 -18"><span class='ocrx_word' id='word_1_231' title='bbox 99 3514 203 3567; x_wconf 86' lang='lat' dir='ltr'>minum</span> <span class='ocrx_word' id='word_1_232' title='bbox 209 3531 220 3579; x_wconf 84' lang='lat'>;</span> <span class='ocrx_word' id='word_1_233' title='bbox 240 3514 332 3569; x_wconf 77' lang='lat' dir='ltr'>diffusa</span> <span class='ocrx_word' id='word_1_234' title='bbox 355 3520 396 3567; x_wconf 83' lang='lat' dir='ltr'>est</span> <span class='ocrx_word' id='word_1_235' title='bbox 419 3512 504 3579; x_wconf 69' lang='lat' dir='ltr'>pratia</span> <span class='ocrx_word' id='word_1_236' title='bbox 526 3515 553 3564; x_wconf 89' lang='lat' dir='ltr'>iu</span> <span class='ocrx_word' id='word_1_237' title='bbox 629 3515 682 3585; x_wconf 75' lang='lat'>¹⁸«¹</span> <span class='ocrx_word' id='word_1_238' title='bbox 696 3515 808 3567; x_wconf 73' lang='lat' dir='ltr'>Primam</span> <span class='ocrx_word' id='word_1_239' title='bbox 830 3534 842 3560; x_wconf 74' lang='grc' dir='ltr'>ι</span> <span class='ocrx_word' id='word_1_240' title='bbox 864 3512 1053 3577; x_wconf 83' lang='lat' dir='ltr'>(aeus-entendu</span> 
     </span>
     <span class='ocr_line' id='line_1_36' title="bbox 102 3574 788 3639; baseline 0.001 -12"><span class='ocrx_word' id='word_1_241' title='bbox 102 3574 264 3630; x_wconf 77' lang='lat' dir='ltr'>labiistuis.·</span> <span class='ocrx_word' id='word_1_242' title='bbox 600 3574 788 3639; x_wconf 66' lang='lat' dir='ltr'>demonem.)-</span> 
     </span>
    </p>
   </div>
   <div class='ocr_carea' id='block_1_7' title="bbox 0 0 1166 3960">
    <p class='ocr_par' dir='ltr' id='par_1_20' title="bbox 0 0 1166 3960">
     <span class='ocr_line' id='line_1_37' title="bbox 0 0 1166 3960; baseline 0 3"><span class='ocrx_word' id='word_1_243' title='bbox 0 0 1166 3960; x_wconf 95' lang='lat' dir='ltr'> </span> 
     </span>
    </p>
   </div>
  </div>
 </body>
</html>
