2324 3960
459 186 554 238 111111·
569 186 727 239 enaddan.
999 185 1048 239 141

204 284 286 357 Virgo
295 284 367 341 oiara
709 283 750 341 Tu
762 286 907 411 praeclarus

204 355 375 438 Quaeignara
708 357 766 413 Est
786 372 896 413 esaurus

167 424 407 492 Virilisoonsortii‚
674 427 803 485 Omnium
815 427 1018 498 charismatum,

201 499 327 555 Meruisti
708 498 889 571 Sanaplenus

202 571 268 627 Esse
280 569 382 626 Christi
706 571 740 626 Et
749 585 872 627 amoenus
934 634 939 641 ¹

168 640 311 698 itaterliei
323 639 397 701 Filii.
451 656 462 671 .
672 642 810 698 Hortuses
823 639 1002 699 aromatum2.

201 812 282 866 Sume
291 817 362 881 vota,
708 813 781 870 Fons
796 812 950 871 redundans

203 881 243 937 Ne
257 889 361 938 remota
709 885 779 942 Reos
793 884 926 941 mundans

168 951 234 1007 Tuis
245 951 281 1007 sis
296 952 306 988 ¹
322 951 499 1080 supplicibus
673 956 696 1010 t
715 971 807 1012 uarum
821 954 971 1013 viventium
984 955 1007 1027 ⁸,

203 1021 256 1079 Sed
269 1023 345 1080 inten
364 1041 380 1082 e
734 1026 820 1100 asqui
837 1025 933 1084 bibunt

203 1094 237 1150 Et
251 1093 365 1152 defende
707 1099 768 1154 Non
784 1097 909 1168 sitibunt‚

168 1164 222 1220 Nos
233 1179 248 1221 a
258 1166 336 1222 malis
346 1167 479 1225 omnibus.
671 1168 724 1226 Sed
739 1168 840 1226 habent
851 1166 1016 1225 remedium.

204 1336 284 1394 Multa
294 1337 327 1394 de
338 1346 365 1394 te
709 1338 783 1393 Fons
792 1336 931 1409 signatus*

207 1410 275 1467 Sunt
284 1409 428 1481 Propheta
711 1409 771 1464 Non
785 1407 907 1465 turbatus

168 1481 268 1537 Leonti
280 1481 423 1554 praesagia,
674 1479 824 1538 Bestiarum
834 1476 960 1605 pedibus,

207 1552 287 1608 Noni
307 1552 366 1607 nari
707 1551 768 1607 Non
781 1566 832 1606 oon
846 1566 921 1621 usus,

204 1568 341 1696 Singuffari
709 1621 761 1679 Sed
772 1622 916 1701 conclusus

168 1694 207 1752 Te
216 1694 352 1754 ditandam
367 1695 462 1768 gratia.
673 1693 778 1751 Divinis
792 1693 943 1752 virtutibus,

205 1867 288 1922 Mater
299 1866 355 1920 Era
710 1867 860 1938 Exquisitis

207 1936 292 1992 Morte
301 1938 372 1992 saeva
710 1936 863 2008 Margaritis

171 2007 253 2064 Suam
266 2010 371 2080 protem
380 2006 516 2080 perdidit:
676 2007 814 2064 Ornantur
823 2003 944 2073 monilia,

205 2080 261 2134 Tua
269 2079 337 2133 fides
712 2076 765 2132 Sed
776 2082 885 2131 tuorum

207 2149 267 2217 Qud
277 2145 387 2203 renides
710 2147 908 2202 Pianemorum

173 2219 256 2278 Nebis
269 2218 352 2273 vitam
365 2215 493 2272 reddidit.
677 2218 754 2273 Extat
768 2216 854 2288 major
869 2215 955 2288 gratia
967 2216 989 2271 ⁶.

134 2448 142 2479 ¹
163 2451 222 2523 {Ne
232 2457 331 2503 remota
341 2455 394 2503 sis»
411 2454 558 2517 equivautd
576 2454 634 2503 vire
663 2453 706 2516 qui
730 2464 756 2502 se
791 2450 912 2515 precipite
930 2453 965 2502 du
984 2451 1037 2501 Li-

104 2513 178 2563 ‹noh
188 2523 284 2566 remota
294 2530 356 2567 esse.
368 2535 379 2560 n
575 2517 635 2565 ban.
650 2534 661 2559 o

134 2576 146 2606 ⁹
173 2576 297 2628 «Hortus
330 2582 473 2629 aromatum
491 2597 502 2622 ι
521 2583 559 2628 est
612 2580 623 2609 ⁴
652 2580 750 2628 «Fons
772 2577 894 2641 signatur,
913 2596 925 2620 i
948 2589 1037 2628 souroe

102 2639 154 2702 pris
167 2640 229 2690 dans
240 2655 277 2691 un
289 2655 345 2692 sens
355 2641 479 2704 mystique
491 2655 559 2691 com·
580 2642 699 2703 maiquee
716 2640 775 2689 d’un
791 2652 862 2689 sceau
879 2639 1035 2702 particulier.

102 2715 144 2752 me
161 2716 201 2752 ces
217 2706 372 2767 expressions
388 2705 560 2765 docentique
583 2704 705 2766 Gentique
724 2705 766 2752 des
786 2703 924 2765 cantiones,
941 2703 983 2752 ch.
1002 2717 1036 2764 tv,

102 2765 145 2812 des
156 2768 284 2828 contiones
305 2768 345 2817 oh.
361 2782 379 2826 i,
389 2781 414 2815 v.
425 2772 457 2815 4:
477 2768 559 2816 «Cur-
579 2781 603 2817 v.
617 2770 662 2814 tt:
682 2785 693 2810 a
705 2766 797 2815 Hortus
806 2765 947 2827 conclusus
957 2778 1036 2826 soror,

104 2838 191 2874 remus
215 2827 242 2875 in
267 2804 342 2879 odore
370 2835 560 2892 unguentorum
581 2841 638 2877 mea
660 2842 768 2900 sponsa.
786 2827 874 2899 hortus
891 2828 1038 2899 'conclusus

103 2893 239 2936 tuorum.»
258 2889 279 2936 11
296 2896 347 2938 sert
363 2891 378 2936 a
394 2891 511 2952 designer
526 2891 561 2938 les
581 2890 637 2939 fons
659 2897 806 2954 Signatus.»
827 2890 898 2939 Voror
919 2890 942 2940 le
965 2903 1038 2939 com·

104 2950 561 3014 vertusdeiasainteVierge,quire-
581 2953 706 3001 mentaire
733 2953 764 3001 de
791 2952 920 3001 Cliohtove
947 2963 1039 3001 surse

104 3009 216 3072 pandent
227 3026 263 3061 un
275 3012 342 3062 doux
352 3012 453 3074 parsum
466 3014 528 3062 dans
539 3013 561 3061 le
581 3027 700 3077 passage:
719 3033 730 3058 a
743 3014 844 3071 Hortus,
856 3014 970 3075 inquam,
981 3026 1039 3062 oon-

104 3073 196 3122 monde
216 3076 306 3124 entier.
330 3075 398 3123 Nous
409 3087 486 3123 astons
506 3075 563 3136 ddja
583 3076 666 3125 elusus
680 3076 766 3125 divino
783 3075 898 3138 praesidio
912 3082 938 3125 ot
954 3074 1039 3124 virtu-

105 3137 239 3199 remarque
254 3150 304 3186 une
323 3137 469 3199 metaplrore
480 3137 563 3185 analo·
583 3144 639 3187 tum
662 3139 855 3193 munitionibus,
866 3150 898 3185 ne
915 3137 942 3184 in
964 3136 1039 3185 illum

104 3209 154 3260 gue
178 3199 240 3247 dans
269 3199 381 3260 l’hymne
406 3200 563 3248 sacrosante·
583 3199 727 3262 ingressum
739 3202 849 3249 habeant
862 3197 965 3248 hostiles
975 3197 1040 3247 insi-

105 3266 133 3307 to
150 3260 288 3310 hodierne.
312 3261 482 3325 Voyez,page
507 3264 562 3323 412,
583 3262 645 3323 diae;
670 3264 726 3313 fons
749 3264 812 3312 itern
833 3260 946 3324 signatus
964 3259 1041 3310 totius

103 3327 161 3372 note
172 3326 195 3371 5.
583 3324 713 3374 Trinitatis
729 3324 858 3388 signaculo
874 3329 900 3372 et
920 3321 1040 3385 peculiari

138 3386 149 3414 ²
166 3387 248 3435 «Fons
258 3399 382 3447 aquarum
392 3386 562 3435 viventium.»
582 3387 661 3448 ipsius
669 3388 715 3437 Dei
726 3387 817 3449 sigillo.
829 3404 840 3429 ι

108 3448 233 3510 Gentique
245 3451 289 3498 des
301 3449 440 3510 contiguet,
461 3448 502 3498 oh.
525 3461 564 3509 iv,
617 3450 628 3479 ³
645 3449 831 3511 «Exquisitis...
846 3445 956 3510 gratia.»
969 3444 1039 3495 Gon·

106 3521 132 3561 t.
156 3512 185 3561 15
206 3526 213 3559 :
242 3528 252 3555 ι
277 3514 310 3561 ta
337 3509 449 3561 tontaine
471 3509 502 3559 de
528 3516 567 3560 tes
584 3512 630 3561 seii
650 3512 741 3562 delicat
764 3517 790 3560 et
812 3511 948 3560 charmant
957 3507 1040 3559 donne

106 3570 205 3634 jardins
231 3579 270 3623 est
294 3586 345 3624 nne
375 3586 462 3624 source
493 3572 566 3624 d’eau
585 3571 856 3637 ieisuxjennesfitlee.
