2324 3960
348 138 500 188 CLAUDIUS
516 138 632 189 MARIUS
648 138 771 187 VICTOR.
1003 143 1048 189 227

562 329 674 374 VICTOR.

137 530 141 537 .
229 473 301 534 Sunt
308 473 520 550 plauciusoutes
533 472 624 546 multi,
637 475 717 533 Potor
731 473 844 554 optime,
858 491 977 554 quorum

189 553 257 615 Esse
268 553 352 613 veiim
366 553 469 614 similes
480 573 487 625 ;
500 572 553 613 nec
568 553 686 613 desunt¹
701 553 730 613 in
744 573 828 634 grege
843 560 938 614 nostro

191 633 322 695 Victrices
332 632 429 695 reddat
444 654 511 714 quas
523 653 605 694 sexus
619 642 734 714 uterque
748 653 876 696 coronas.

191 713 230 774 Ac
244 713 267 774 si
281 713 348 794 quid
363 713 479 795 patrium
493 712 680 786 commendat,
694 714 717 772 si
732 713 799 794 quid
812 713 840 773 io
853 713 898 773 itto
910 720 954 773 est

191 792 271 865 Quod
279 793 369 875 juvat,
384 793 438 854 hoc
448 812 537 853 unum
552 801 605 864 est.
615 792 676 855 haec
685 802 751 855 sunt
764 793 860 855 solatia
873 793 946 855 vitoe.
983 808 1037 859 eto

191 872 272 935 Nunc
283 893 345 955 age,
358 894 419 935 core
430 873 521 950 Pater,
533 872 653 954 eupido¹
662 872 731 935 mitti
745 872 802 935 saro
814 873 943 946 vicissim,

191 952 261 1025 ouae
274 960 301 1014 te
313 954 396 1033 digna
408 953 474 1015 sutis
485 954 595 1035 requies
607 953 767 1037 susceperit,
779 973 813 1014 ex
827 958 901 1034 quo³

192 1032 232 1105 Te
244 1033 326 1095 corde
340 1035 406 1094 hino
421 1040 533 1116 gestans
545 1033 609 1107 abii,
622 1039 772 1116 tecumque
789 1033 888 1101 resedi.

560 1236 683 1283 stitutum.

191 1448 197 1457 ,
233 1378 297 1445 Nou
309 1378 438 1462 equidem
451 1378 553 1444 invitus
566 1378 688 1441 recolam
702 1397 764 1440 meo
774 1376 1020 1461 gaudiqssolmou,

195 1460 251 1523 Noc
264 1468 293 1529 to
306 1467 447 1523 tantorum
461 1458 562 1521 indicio
576 1454 708 1519 fraudabo
721 1457 869 1525 bonorum.
992 1474 1043 1523 ott

174 1605 176 1609 ,
196 1540 252 1611 Sed
263 1544 325 1623 jam
339 1542 460 1603 conclusi
473 1559 525 1601 nos
539 1537 669 1601 admouet
678 1537 745 1603 horu
759 1538 814 1605 diei

195 1619 326 1703 Surgere,
343 1630 371 1681 et
383 1620 519 1681 adsuetos
531 1628 689 1681 sauctorum
701 1628 960 1689 occurrereooetus:

197 1702 322 1793 erstina
331 1700 380 1762 tux
393 1700 482 1766 verbis
493 1699 608 1763 accedet
617 1699 701 1763 libere
711 1702 823 1765 uostris.

132 1962 142 1999 ¹
161 1963 233 2012 «Neo
244 1963 344 2024 desunt,
361 1969 443 2026 eto.‚»
462 1967 556 2069 etque·
629 1962 641 1992 ³
666 1983 677 2009 α
695 1964 732 2014 Ex
743 1970 828 2027 quote
839 1963 913 2013 corde
925 1962 984 2013 htttc
993 1944 1053 2072 qes-

102 2026 220 2081 mluotre
236 2025 337 2088 peupte‚
355 2025 372 2073 il
384 2027 499 2087 yadeso
519 2023 557 2070 ce.
597 2030 654 2074 tans
672 2026 739 2084 obii,
763 2032 811 2074 otc.
833 2043 845 2068 n
866 2025 935 2073 Ptine
950 2024 973 2074 to
1008 2037 1052 2073 eu-

101 2091 166 2137 tiens
176 2088 219 2137 des
231 2089 296 2137 deux
305 2101 374 2136 sexes
383 2090 426 2148 qui
437 2089 558 2137 meritent
598 2098 629 2133 ne
661 2087 775 2146 exprimo
806 2086 829 2134 le
856 2086 940 2135 memo
976 2084 1054 2133 seuti-

33 2174 38 2179 ·
102 2151 133 2199 de
150 2156 235 2212 portet
246 2152 271 2197 ta
287 2162 414 2198 couronne
434 2151 478 2197 des
488 2150 557 2198 vain·
597 2153 676 2202 ment,
691 2147 755 2195 livre
766 2160 801 2206 ix,
813 2146 887 2194 lettre
901 2147 1053 2194 3t:«Post·
1091 2150 1094 2155 '

101 2225 204 2275 queurS.
561 2218 574 2257 9
597 2221 674 2268 quam
694 2220 709 2254 a
726 2214 751 2255 te
774 2206 873 2258 recessi,
892 2219 944 2255 non
967 2205 1055 2255 minue

133 2274 172 2315 ἰι
183 2272 288 2332 Cupido.
302 2291 313 2313 υ
325 2270 561 2332 Datitdcl'adjectit
597 2277 701 2330 tecum,
724 2267 802 2330 quum
819 2279 900 2327 quum
924 2266 990 2329 apud
1011 2273 1053 2325 te,

104 2333 242 2396 «cupidus.
255 2352 265 2374 u
597 2332 643 2381 tui.
656 2348 666 2371 u
