2324 3960
113 272 159 323 300
501 276 594 331 SAINT
610 278 695 332 nvn.

214 378 326 442 Crescat
336 377 493 463 longarum
507 380 580 444 fetiui
591 383 699 445 semiue
710 402 845 466 germen:

211 457 272 520 Non
283 460 362 522 annis
373 481 518 541 numerus,
534 464 595 524 vitm
609 484 661 525 nee
673 464 809 527 terminus
819 470 891 525 esto.

211 541 376 631 Progeniem
388 542 447 603 sine
458 541 515 605 sure
526 542 600 619 dedi,
610 564 694 625 quam
704 551 828 625 tempore
841 550 900 605 toto

210 620 343 699 Aspicies,
361 624 457 703 generi
471 623 574 706 primus
588 624 637 707 qui
653 625 762 706 poneris
775 632 879 687 auctor.
1033 638 1066 682 on

213 699 336 762 Eduotos
348 721 480 784 spargens
493 724 630 786 pronepos
643 723 690 786 per
703 704 783 765 saecla
799 712 914 785 nepotes
929 706 938 741 ¹

214 779 343 842 Viventes
355 791 484 845 numeret
494 804 618 866 proavos,
634 784 718 867 inque
731 805 778 845 ora
792 792 938 875 parentum

214 858 322 922 Ducant
335 862 432 925 annosi
446 872 573 925 natorum
587 864 702 947 pignora
717 865 728 900 ²
745 873 813 927 nati.

252 1020 324 1083 Turn
338 1022 383 1084 lex
393 1023 527 1105 conjugii,
542 1031 602 1085 toto
614 1023 776 1087 venerahilis
787 1042 857 1097 aevn,

213 1099 378 1164 intemerata
392 1121 443 1165 suo
452 1104 604 1166 servabitur
615 1090 713 1166 ordine
726 1105 844 1165 eunctis.

212 1181 328 1243 Femina
342 1183 476 1265 persistat,
490 1184 524 1245 de
534 1184 638 1246 viscere
651 1192 759 1267 sumpta
771 1183 843 1245 virili
858 1185 868 1220 ³

213 1260 348 1355 Conjupio
360 1282 468 1325 servare
479 1262 563 1325 fidem
575 1284 584 1336 3
598 1284 649 1327 neo
660 1268 787 1347 separet*
799 1263 868 1345 altor

214 1340 293 1413 Quod
302 1343 395 1426 pungit
409 1343 549 1427 sociatque
561 1343 651 1415 Deus,
665 1350 849 1427 patremque³
865 1340 1002 1423 relinquat

214 1421 248 1481 Et
261 1432 376 1485 matrem
385 1423 459 1505 justo
468 1424 631 1486 constrictus
643 1442 737 1487 amoro
747 1424 872 1484 maritus.

212 1498 270 1562 Nec
276 1502 335 1583 jam
349 1503 420 1565 ullos
433 1513 544 1587 pmpter
554 1512 682 1587 mmpant
693 1503 753 1566 hmo
764 1503 853 1564 vinela
865 1506 1003 1583 parentes,
1035 1517 1068 1565 75

213 1579 272 1643 Vita
285 1581 335 1642 sod
348 1582 492 1645 amborum
506 1604 616 1648 carnem
627 1583 797 1646 teneaturad
814 1600 908 1645 unam.
921 1603 937 1641 ιι

254 1738 355 1802 Taliter
368 1749 471 1804 aetemo
484 1745 657 1826 conjungens
670 1745 774 1807 saedere
787 1753 849 1807 vota

215 1818 358 1910 Festivom
371 1820 481 1884 dicebat
494 1823 607 1906 hymen,
621 1828 752 1908 castoque
764 1824 862 1918 pudori
877 1829 888 1863 ⁰

215 1897 343 1961 Concinit
353 1901 510 1982 angelicum
521 1904 619 1983 juncto
629 1906 816 1968 modulamine
828 1925 950 1967 carmen.

216 1978 268 2041 Pro
279 1978 400 2043 thalamo
410 1984 551 2064 paradisus
564 1993 630 2057 erat,
644 1984 821 2068 mundusque
831 1986 945 2048 dabatur
1038 2005 1072 2049 ao

220 2058 250 2123 ln
264 2061 369 2137 dotem,
383 2072 412 2125 ot
426 2062 496 2127 laetis
505 2065 663 2149 gaudebant
672 2066 762 2129 sidera
777 2065 909 2130 ssamrnis.

387 2239 434 2287 ΙΙΙ.
449 2238 654 2303 Βοωίμίοιι
670 2240 716 2289 «ln
732 2239 871 2287 Fundis
880 2238 901 2287 ¹.

220 2375 293 2457 Ergo
304 2374 352 2438 ubi
366 2378 533 2440 transmissis
547 2377 739 2457 mnndi'eaput
746 2377 843 2457 incipit
859 2375 944 2451 Indis,

221 2459 285 2531 Quo
301 2456 446 2538 perhibent
461 2460 474 2498 ⁸
487 2464 587 2519 tomam
603 2454 721 2519 confinia
732 2456 850 2537 jungere
864 2456 947 2532 coelo,

155 2678 165 2709 ¹
180 2696 191 2723 ι
205 2675 313 2727 Eduotos
324 2681 436 2740 nepotes,
457 2692 469 2716 ι
479 2672 523 2723 des
542 2684 584 2735 pe·
604 2671 717 2721 celebrer
727 2670 764 2720 tes
775 2667 894 2733 lonanges
906 2671 937 2720 de
953 2671 978 2721 le
990 2671 1067 2723 chas-

125 2738 224 2789 κιαι-1118
234 2739 309 2788 sortis
321 2738 351 2787 de
364 2749 390 2786 sa
408 2746 473 2784 racc.
606 2733 693 2783 teto-et
704 2732 735 2781 de
744 2732 769 2780 la
778 2731 887 2793 pudeur.

155 2800 167 2830 ¹
181 2800 327 2848 «Natorum
336 2798 362 2861 pi
399 2808 453 2857 ora,
465 2812 476 2837 ι
490 2793 528 2843 les
539 2806 583 2845 cn·
641 2792 651 2825 ²
664 2793 705 2864 On
718 2793 748 2843 nt
763 2793 825 2842 dans
842 2792 866 2864 la
881 2791 1068 2867 paralleleqne

127 2861 463 2981 scrutantur
479 2917 582 2978 ιιι,
606 2854 1070 2991 t·sarcinantes{aar

127 2984 190 3035 tlrte
201 2984 232 3033 de
244 2983 333 3032 taeote
347 2981 378 3031 de
391 2980 522 3034 l’homme.
607 2981 638 3031 oe
656 2988 722 3031 saint
748 2981 808 3031 Ant
827 2986 865 3031 est
890 2980 972 3044 pluton
990 2984 1069 3044 supe-

154 3046 256 3096 unse
276 3050 383 3108 separet,
403 3051 452 3094 eto.
476 3061 488 3087 r»
513 3043 585 3094 saint
608 3044 692 3093 rierrre
713 3042 895 3107 qu'iuterieure
919 3042 1015 3093 acetle
1036 3044 1069 3095 de

126 3106 379 3170 Matthien,oh.xrx‚
392 3109 446 3157 nt>
463 3120 470 3154 ι
489 3105 584 3168 «Quod
608 3104 720 3169 Milton;
742 3114 799 3157 tout
825 3106 908 3178 voisin
934 3104 1017 3177 qu’est
1043 3107 1067 3156 te

124 3184 186 3234 ergo
200 3172 268 3222 Deus
287 3168 428 3235 conjunxit,
439 3169 515 3221 homo
533 3182 585 3221 nou
607 3169 718 3233 premier
729 3169 763 3219 du
778 3181 935 3241 paganismo,
945 3167 963 3216 rt
975 3167 1069 3239 metet

124 3249 150 3286 se
169 3242 259 3285 aret.»
342 3282 345 3287 ,
607 3232 774 3282 sestableeux
790 3231 915 3280 mornsde
934 3243 1068 3280 souvenrrs

151 3249 315 3362 iunonem,
332 3304 380 3348 etc.
400 3315 411 3340 ι
425 3294 531 3358 Genese,
542 3295 583 3344 oh.
608 3293 835 3358 mythologiqnes3
859 3292 1004 3342 l’imitation
1033 3292 1064 3342 de

125 3375 154 3426 n,
172 3375 197 3413 r.
218 3364 267 3412 24:
286 3360 429 3410 «Dimittes
444 3357 521 3406 homo
542 3370 585 3468 pp-
608 3356 778 3420 l'antiquitty
796 3362 833 3404 est
838 3354 970 3466 peut-tone
983 3354 1066 3404 moins

126 3432 193 3477 trem
212 3429 238 3475 et
257 3429 367 3474 matrem
389 3426 415 3470 et
446 3420 547 3468 adhaere
566 3423 585 3470 tt
607 3419 713 3480 vistbte,
732 3424 758 3468 et
787 3418 812 3465 la
856 3416 992 3478 ascription
1020 3415 1065 3465 des

126 3487 200 3539 oxori
220 3500 272 3538 suae
282 3523 291 3551 ‚
303 3493 329 3538 et
345 3483 480 3536 eruntdno
495 3481 523 3531 iu
532 3494 586 3531 car·
607 3482 710 3532 mantes
719 3480 750 3531 de
766 3480 790 3530 la
801 3487 892 3551 nature
905 3493 946 3528 roe
956 3479 1068 3549 paratta

126 3551 255 3601 neunt.»
368 3546 372 3555 ’
607 3543 691 3594 latoio
707 3542 765 3607 plus
782 3542 866 3591 varies
884 3546 910 3593 et
928 3540 1063 3603 plussrrn·

157 3612 170 3643 ⁸
192 3632 205 3657 α
217 3613 340 3676 castoque
352 3609 451 3675 pudori,
461 3612 544 3670 etc.,·
559 3612 586 3656 et
608 3606 658 3670 ple.
670 3624 682 3650 ι
832 3665 836 3675 .

46 3671 239 3780 *losannae
250 3668 585 3736 nnissentteursvoixponr
617 3669 650 3699 '⁸
662 3686 675 3712 ι
691 3668 745 3727 Quo
764 3664 909 3729 perhibent,
923 3670 985 3726 etc,
1006 3662 1064 3712 rou
