2324 3960
504 197 687 263 reuocans.
1052 202 1082 256 os

161 308 234 368 licut
251 310 331 384 quim
343 303 466 383 fugacem
481 311 593 384 gratiam
606 313 616 348 ¹
670 311 725 369 Sed
739 304 870 368 ordinatis
883 310 991 367 saeculis
1004 308 1028 379 ⁹,

127 383 236 440 Festina
248 383 371 439 volvebat
380 382 438 439 alies
450 385 456 438 i
494 404 498 409 ·

635 384 790 456 Rerumque
804 383 907 456 digesto
920 390 1002 450 statu,

129 456 219 527 Quam
233 452 327 526 pene²
350 453 508 511 subductam
529 452 616 510 lacem
636 454 772 511 Fundator
786 455 844 537 ipse
860 460 887 509 et
898 453 993 510 artifex

125 525 235 584 Sensim
250 524 337 583 recisa
357 526 534 583 exstinxerat!

162 704 266 763 Caelum
280 704 396 762 nitescat
406 703 506 774 laetius,

125 777 290 835 Grateturet
336 776 422 833 ndens
436 777 546 848 humus3

124 846 240 905 Scandit
252 793 384 919 graffium
393 847 485 904 denuo
495 845 508 883 ³

126 918 231 977 lubar⁴
245 921 350 991 priores
363 919 459 976 lineas.

161 1099 289 1171 Emerge,
303 1085 491 1169 dulcis'pusio‚

128 1169 214 1238 Quem
225 1175 312 1226 mater
322 1170 378 1226 edit
390 1169 509 1240 castitas,

127 1241 229 1297 Parcus
242 1247 271 1297 et
283 1257 315 1297 ex
336 1256 380 1297 crs
394 1240 529 1314 conjugis,

125 1311 254 1370 Mediator
268 1318 296 1370 et
309 1258 333 1369 tf

328 1312 408 1385 uplex
425 1328 509 1385 genus
524 1312 547 1368 ⁵.

162 1495 203 1552 Ex
216 1509 261 1552 ore
273 1493 421 1567 quemlibet
435 1493 448 1531 ⁶
463 1494 551 1551 Patris

126 1565 171 1623 Sis
181 1572 256 1623 ortus
271 1574 299 1624 et
311 1566 396 1622 verbo
410 1565 510 1636 editus,

127 1637 231 1694 Tamen
242 1643 352 1745 uaterno
361 1636 390 1692 in
400 1643 511 1709 pectora

127 1707 231 1781 Sophia
268 1708 381 1766 callebas
393 1708 479 1781 priirs.

636 525 789 583 Permansit
801 541 830 581 m
845 524 931 581 Patris
945 525 1016 582 sinu.

672 707 765 763 Donec
777 710 863 763 rotata
875 706 1012 763 annalium
1028 704 1055 744 ¹⁰

636 778 985 834 Transvolrerenturmlllia

635 848 725 932 Atque
736 849 794 921 ipse
806 859 964 922 peccantem
979 819 1026 907 abiu

636 923 769 994 Dignatus
783 921 876 978 orbem
887 921 995 980 viseret.

670 1102 736 1159 Nam
749 1116 820 1158 caca
834 1100 875 1156 vis
890 1099 1043 1160 mortalium
1059 1101 1082 1139 ¹¹

634 1172 773 1229 venerans
784 1172 878 1227 inanes
894 1173 1006 1242 uenias,

635 1244 683 1300 Vel
698 1259 760 1313 aera,
773 1244 816 1299 rel
827 1258 889 1298 saxa
899 1242 996 1314 algida,

634 1315 685 1372 Vel
699 1315 771 1387 ligna
782 1312 910 1371 credebat
922 1316 1017 1374 Deum.

671 1495 735 1552 Haec
748 1493 814 1552 rium
827 1500 986 1578 sequuntur,
998 1495 1096 1571 perfidi

635 1566 773 1624 Praedonis
787 1565 813 1604 ¹²
827 1566 856 1624 in
867 1585 911 1640 Jus
924 1574 1066 1641 venerant,

635 1640 669 1696 Et
683 1638 862 1711 mancipatam
872 1639 974 1697 fumido

635 1711 722 1768 Vitam
734 1710 860 1768 barathro
873 1712 1070 1769 immerserant.
1103 1724 1107 1736 ·

164 1888 615 1964 Quapromptassroelumcondidit,
671 1892 794 1966 Stragem
808 1891 855 1949 sed
870 1891 951 1948 istam
964 1908 1019 1949 non
1034 1892 1095 1951 tulit

128 1959 230 2030 Solem,
244 1962 368 2034 diemque
383 1969 411 2019 et
423 1970 537 2036 cantera;

129 2032 232 2091 Virtute
246 2031 328 2089 Verbi
342 2033 437 2091 eliocta
448 2043 510 2091 sunt

635 1963 759 2021 Christus
772 1964 916 2020 cadentbm
929 1965 1051 2036 gentium

636 2037 766 2107 lmpune3
781 2050 816 2091 ne
831 2034 921 2090 lorsan
934 2035 975 2091 sui

128 2104 191 2163 llaec
207 2109 304 2162 cuncta
316 2122 323 2162 :
337 2121 398 2162 narn
406 2104 525 2164 Verbum
532 2106 613 2163 Deus.
634 2105 721 2163 Patris
731 2105 830 2178 periret
837 2104 941 2162 labriea
954 2105 990 2159 ¹³.
1013 2188 1017 2194 ι

130 2357 250 2408 vientsnr
261 2357 286 2408 la
298 2361 364 2410 terre
374 2371 436 2422 pour
446 2359 588 2413 encbasser
612 2361 698 2411 valent
714 2358 770 2409 leur
787 2360 874 2408 arcent
900 2356 1016 2422 prlmltll,
1034 2357 1071 2409 les

129 2419 167 2470 les
179 2421 292 2472 tenebras
302 2420 333 2472 rie
346 2421 448 2472 l’erreur
459 2427 484 2473 et
494 2422 528 2472 (lu
542 2423 587 2486 pe·
613 2422 697 2486 poetes
710 2420 842 2472 chritiens
862 2420 1027 2483 allongealent
1045 2421 1070 2472 la

34 2482 38 2491 “
129 2482 186 2532 che.
275 2484 278 2491 '

613 2484 707 2548 syllaba
722 2482 864 2542 accentue'e,
890 2496 951 2547 pour
976 2496 1025 2547 que
1045 2483 1070 2534 le

163 2546 171 2576 ¹
190 2545 335 2606 «Gratiam,
350 2544 478 2598 »lumibre
496 2546 586 2610 agrie-
613 2546 726 2610 quantita
744 2560 774 2596 ne
793 2545 893 2596 dllle'rbt
909 2547 980 2609 point
998 2545 1029 2595 rle
1045 2545 1069 2594 la

108 2622 112 2627 ·
129 2605 177 2656 blo.

630 2610 803 2660 renonciatlou
810 2613 834 2659 et
843 2621 874 2658 ne
884 2608 991 2720 chognit
1000 2609 1071 2670 potut

160 2670 171 2700 ²
189 2670 296 2732 «Quam
308 2683 381 2734 pene,
398 2690 409 2714 ι
424 2675 471 2723 etc.
488 2683 586 2722 comum
622 2685 648 2722 es
659 2671 764 2722 oretlles.
775 2671 839 2720 C'est
849 2673 915 2720 aussi

949 2683 962 2719 e
981 2670 1005 2719 la
1022 2683 1072 2734 quc

128 2730 150 2781 le
159 2732 343 2795 jour-diminui
359 2747 406 2796 pen
426 2735 440 2782 i
456 2748 504 2796 pen
518 2735 587 2783 svalt
613 2737 690 2784 tirent
698 2734 752 2784 leur
764 2735 900 2792 onaineun
910 2733 989 2794 grand
999 2745 1069 2783 nom·

128 2794 184 2855 cleta
195 2795 328 2845 e'telutson
341 2795 466 2847 flambeau
480 2807 586 2859 presque
613 2794 656 2846 bre
671 2797 702 2846 de
718 2808 759 2845 ces
776 2795 924 2858 pretendues
941 2794 1022 2846 lantes
1039 2795 1070 2846 (le

128 2859 269 2905 soustralta
282 2869 325 2906 nos
337 2860 420 2920 yauxl

160 2918 172 2947 ³
191 2917 307 2978 «licum,
319 2937 331 2962 ι
341 2921 372 2969 de
382 2932 505 2970 noureau.

162 2977 174 3007 ⁴
201 2978 321 3039 «luber,
348 3001 361 3028 e
382 2981 459 3032 solcil.
481 2981 584 3046 limile,

127 3039 233 3103 Encide,
248 3041 266 3090 l.
281 3042 411 3105 rv,v.⁴130
425 3064 431 3093 ε

41 3160 45 3165 -
139 3137 308 3187 liminatiori·
323 3148 393 3187 exorto,
404 3141 476 3180 delecta
488 3142 584 3189 juventae

612 3049 709 3094 sortant
719 3044 761 3107 (rle
770 3043 794 3093 la
805 3043 901 3094 boucbe

613 2857 727 2920 quantite
738 2857 814 2920 qu'on
830 2870 845 2907 a
860 2856 1004 2921 reprocbece
1019 2870 1070 2907 aux

612 2921 696 2984 poetes
708 2920 841 2970 claretiens.

645 2985 656 3013 ⁸
675 3001 686 3026 α
709 2983 834 3044 Promoti,
853 3000 864 3025 ι
884 2984 1068 3094 auXuralssant,

644 3107 656 3137 ⁹
676 3122 689 3155 cr
701 3105 813 3168 Saeculls,
826 3122 839 3153 »
854 3106 876 3156 le
886 3044 1070 3168 mossdssfffiigffl,

612 3181 676 3220 vere.

158 3217 170 3247 ³
188 3234 202 3264 a
211 3219 312 3279 Perens,
321 3235 336 3266 e
348 3219 479 3269 mere-1
489 3221 585 3271 bladiu-
630 3230 655 3262 ¹⁰
674 3248 688 3278 u
700 3230 847 3291 Annalium.
860 3247 874 3279 n
887 3228 989 3280 annales.

125 3283 164 3328 tor
175 3287 200 3330 et
209 3280 305 3354 duplex
317 3295 395 3343 genus
407 3300 418 3325 a
432 3294 457 3332 se
469 3289 584 3347 rapporte
632 3294 653 3324 ί·
673 3312 686 3338 a
699 3294 768 3344 caeea
780 3295 819 3343 vis
831 3292 1009 3351 mortalium.»
1022 3289 1068 3341 pa.

125 3342 140 3392 a
153 3360 166 3386 a
179 3355 259 3404 pusio.
275 3361 287 3387 a

612 3357 725 3419 rlpbrase
750 3356 864 3419 poetique
884 3366 946 3416 pour
967 3371 978 3397 α
1011 3355 1068 3402 cmcl

96 3406 105 3435 ·.
158 3404 169 3434 ⁶
183 3423 199 3448 a
213 3405 365 3466 Quamlibet,
376 3425 389 3450 a
402 3408 519 3469 quoique.
612 3417 739 3468 mortales.
758 3438 768 3462 r

159 3466 170 3495 ⁷
188 3467 316 3529 «Sophia.
330 3487 341 3512 a
355 3469 407 3518 Mot
418 3470 465 3517 tire
481 3470 516 3516 du'
528 3480 584 3529 grec
630 3481 654 3511 υ
672 3479 783 3531 «perfidi
795 3477 931 3542 praedonis.
949 3496 962 3523 o
975 3477 1009 3528 lac
1020 3475 1068 3529 de'·

125 3531 207 3601 σοφία.
222 3530 330 3590 Lorsqne
341 3531 583 3593 lesmoteemprun-
612 3555 681 3594 mon,

125 3601 166 3654 tte
183 3601 197 3650 a
216 3599 240 3650 la
257 3600 348 3664 langue
363 3614 467 3667 grccque
484 3616 584 3659 consar-
630 3604 655 3639 ¹³
673 3602 816 3667 «lubrica,
827 3610 977 3664 scuritas.

1069 3652 1116 3742 Ι
