2324 3960
486 133 664 185 Pubnnncn.

197 232 294 299 Infelix
303 234 411 311 ludeo,
425 233 514 299 Deum
521 258 530 311 5
543 235 591 317 qui
602 233 714 297 sabbate
725 233 833 297 solvens

198 315 307 390 Terror,
321 315 451 379 mortales
461 324 564 381 eterna
576 315 605 377 iu
616 315 727 377 sabbata
739 314 867 399 sumpsit.

87 425 91 431 ·
177 393 329 461 -Gentibus
341 396 464 474 emicuit,
497 395 610 459 relulsit
621 396 742 477 regibus,
756 396 853 458 orbem

194 476 329 550 Possidet,
344 476 452 559 imperii
466 417 609 539 dbminam
621 475 673 537 sibi
688 476 785 553 cedere
799 476 917 539 Romam
1000 490 1049 538 teo

196 556 348 639 Compulit,
361 556 544 631 etsimulsora
558 554 648 618 neom
661 556 775 649 Tarpeis
786 556 905 637 subegit.

197 634 277 698 Disce
291 636 345 715 tuis
358 636 513 701 miseranda
524 636 616 708 molis,
628 657 687 719 quo
699 637 809 699 rrudioe
821 635 932 699 tandem

197 715 274 778 Vana
285 717 453 799 superstitio,
468 716 512 779 lex
524 725 552 778 et
563 717 709 779 carnaliter
721 726 779 781 note

198 795 352 871 Pleetatur3
365 797 444 879 eujus
455 797 541 858 virtus
554 804 583 859 te
593 807 713 879 proteret
725 797 818 859 ultrix.

196 875 376 939 Destruotone
386 877 479 959 jacent
490 876 650 939 Salomonia
661 897 726 941 saxa
737 875 857 952 metallo,
1003 891 1051 936 too

196 956 339 1019 AEdificeta
352 977 437 1019 manu
445 958 458 1018 l
466 957 538 1039 jeeet
546 957 614 1019 illud
627 956 719 1020 nobile
730 958 877 1040 templum.

197 1034 253 1098 Gur
262 1036 353 1118 jnoet‘l
364 1036 476 1099 ertillois
488 1036 552 1120 qnia
563 1037 658 1099 dextra
667 1038 791 1101 solubilis
804 1028 872 1099 illud

199 1116 331 1183 Gemonto
341 1117 441 1179 struxit
450 1116 607 1181 resolubile.
621 1116 686 1180 lure
697 1119 820 1181 solutum
832 1123 884 1189 est,

109 1200 112 1205 '
199 1197 232 1257 Et
239 1197 322 1279 jueet,
334 1196 364 1258 in
375 1196 494 1259 nibilum
506 1197 638 1281 quoniam
649 1198 721 1260 redit
731 1217 814 1259 niune
825 1195 952 1279 politum.

197 1276 277 1353 Quod
287 1277 348 1355 beri
360 1277 458 1360 recipit
469 1280 489 1353 ¹,
503 1276 601 1362 recipit
610 1279 776 1363 quandoque
788 1278 887 1359 perire.
1002 1290 1051 1338 170

238 1462 269 1526 Si
278 1471 404 1527 nostrum
416 1471 511 1526 eontra
522 1462 596 1545 quod
608 1462 644 1523 sit
654 1461 696 1524 vis
708 1459 813 1523 disoere
824 1459 960 1542 templum
975 1481 980 1519 :

198 1543 247 1606 Est
257 1543 326 1606 illud
337 1544 411 1626 quod
423 1565 508 1606 nemo
520 1542 611 1626 opifex
623 1540 780 1603 fabrilitera
800 1549 861 1622 tans

199 1623 373 1706 Composuit,
384 1625 458 1706 qnod
469 1624 544 1690 nulla
556 1623 632 1685 abies
643 1623 759 1705 pinusve
769 1561 859 1683 dblata

198 1703 308 1777 lenuit,
320 1704 412 1766 oxoiso
423 1704 497 1797 quod
511 1724 656 1786 nunquam
668 1722 806 1764 marmore
817 1702 902 1765 erevit
914 1724 920 1761 :

115 1856 118 1861 Ι
195 1783 280 1865 Cujus
292 1803 362 1845 onus
372 1784 457 1846 nullis
470 1785 571 1846 tultum
584 1783 702 1845 sublime
713 1782 851 1844 columnis
1004 1796 1052 1843 ιιι

197 1862 314 1926 Fornioe
327 1873 439 1929 euresto
452 1866 529 1926 tenui
539 1885 623 1947 super
633 1884 695 1926 aree
705 1869 717 1903 ²
727 1862 858 1946 pependit
873 1884 880 1922 ε

197 1944 252 2007 Sed
264 1943 355 2007 Verbo
366 1936 470 2006 lentim
485 1944 594 2007 bomini
603 1950 626 2019 ³,
639 1965 696 2007 non
708 1963 775 2006 ιοοο
789 1945 898 2017 sonort,

197 2023 253 2091 Sed
265 2024 356 2086 Verbo
365 2025 440 2108 quod
450 2045 559 2109 semper
569 2033 636 2097 erat,
651 2024 771 2088 Verbum
783 2043 846 2085 earn
856 2023 959 2085 loetum
970 2027 1021 2082 est.

199 2104 257 2167 Ηοο
269 2105 405 2188 templum
416 2114 552 2168 aeternnm
563 2114 612 2179 est,
626 2105 679 2167 hoo
689 2104 775 2165 linem
786 2124 843 2165 non
855 2102 946 2174 habet,
960 2100 1013 2161 hoo
1024 2108 1054 2162 tu

199 2184 363 2269 Expugnare
376 2186 481 2259 volens,
496 2185 599 2267 llagris,
612 2204 703 2257 eruoe,
718 2183 781 2244 felle
792 2183 895 2264 petisti.
1006 2200 1054 2245 rso

198 2262 376 2329 llestruotum
384 2265 470 2347 jacuit
481 2265 571 2348 poenis
580 2262 755 2338 vexantibus,
768 2270 827 2323 esto
839 2284 846 2321 ι

196 2338 289 2405 ldstris
301 2346 376 2411 enim
389 2366 423 2413 ex
432 2353 521 2418 utero,
535 2344 610 2427 quod
620 2342 818 2420 destrueretur,
831 2339 960 2403 babebat.
1056 2421 1057 2425 Ἰ

197 2420 254 2499 Sed
265 2424 339 2506 qnod
349 2434 437 2489 morte
446 2425 522 2487 brevi
533 2429 659 2486 materna
668 2444 702 2485 ex
714 2432 791 2505 porte
802 2422 926 2485 solutum
936 2428 988 2496 est,

198 2503 340 2579 llo'eslate
350 2504 439 2568 Patris
449 2506 543 2569 vivum
553 2506 601 2568 lux
611 2504 690 2568 tertia
701 2503 802 2566 reddit.

199 2524 296 2657 ‚Vidisti
306 2589 329 2660 ⁸,
341 2586 474 2667 angelicis
483 2586 645 2649 comitatum
654 2582 780 2661 omnihus,
794 2582 848 2646 alte
1009 2601 1056 2647 res

201 2664 242 2727 lre
251 2686 360 2739 meum,
371 2666 450 2749 eujus
459 2686 553 2729 servor
562 2664 730 2743 munimine,
741 2664 876 2747 templum
888 2683 897 2726 :

200 2744 276 2807 lllius
286 2753 397 2808 mternae
404 2747 576 2827 suspendunt
585 2747 705 2809 eulmina
717 2754 813 2827 porte,

199 2827 239 2893 Ae
249 2846 299 2911 per
310 2825 464 2893 inaccessas
473 2827 609 2889 scalarum
618 2826 707 2910 gloria
717 2830 727 2866 ⁸
737 2833 826 2890 turres

119 3053 143 3087 '¹
163 3053 263 3114 «Quod
280 3051 338 3103 tleri
357 3052 457 3115 recipit,
477 3071 488 3097 ι
509 3059 558 3104 eto¹
594 3054 645 3117 ni,»
659 3053 958 3118 etovnpezmintleon,
969 3053 1050 3114 obn,

92 3114 500 3178 ‘Stintlmbroismlleeomdrom
510 3114 528 3163 1.
540 3130 558 3178 r,
594 3131 623 3165 v.
641 3120 683 3178 193
695 3116 763 3167 seint
776 3117 909 3177 llettlrieu,
928 3116 969 3165 eh.
985 3129 1053 3178 xxvi,

100 3178 142 3229 eh.
155 3190 202 3227 ur:
224 3196 236 3223 ι
277 3190 316 3227 uae
332 3175 434 3227 initium
456 3178 560 3241 hebent,
594 3193 620 3227 v.
641 3183 669 3227 dl
690 3186 715 3229 et
735 3179 776 3228 oh.
796 3177 1054 3240 monetmonet

101 3246 127 3290 et
138 3240 218 3291 finem
230 3240 263 3291 hs
297 3246 342 3291 ut:
357 3245 383 3289 et
397 3239 488 3302 quibus
501 3239 560 3293 tlnis
594 3241 669 3298 blare,
682 3241 727 3291 oh.
742 3255 794 3301 xrs,
805 3255 831 3290 ι.
840 3242 880 3290 58.

99 3302 185 3365 detur,
198 3300 302 3351 initium
313 3301 403 3351 datum
411 3308 517 3352 oonstat.
628 3303 638 3333 ⁴
657 3322 668 3348 ι
692 3303 793 3361 Vidisti,
818 3321 829 3345 ι
850 3307 898 3351 eto.
919 3299 1003 3361 noyez
1016 3299 1054 3351 les

132 3364 144 3401 ²
162 3365 268 3426 «Super
281 3382 292 3407 n
305 3368 343 3413 est
362 3363 414 3434 pris
429 3363 560 3413 adverbis·
595 3365 753 3418 Aotes'desn
771 3365 838 3415 otnes
865 3362 906 3411 clu.
927 3375 945 3423 r,
969 3375 993 3408 v.
1010 3364 1054 3411 tt

101 3425 207 3497 lement.
219 3451 251 3465 -
264 3444 276 3470 ι
289 3424 370 3475 Tenui
380 3438 446 3487 aree,
461 3426 560 3477 »voute
597 3430 624 3477 rt
630 3427 717 3512 posint
729 3428 824 3487 Pierre,
834 3399 919 3486 bpttro
927 3422 948 3484 1,
960 3421 1003 3477 ob·
1014 3437 1055 3488 ιιι,

102 3486 245 3599 ΜῦςΙιιθὲοᾱ
261 3548 342 3600 Verbo
356 3548 458 3609 ,sectum
476 3549 560 3603 [tomi-
596 3494 777 3603 muliftltorio.
792 3568 804 3595 ι
817 3546 890 3601 saint
905 3547 1056 3615 baugent-
