2324 3960
312 218 404 273 SlllN'l'
420 218 561 271 onosma
577 214 791 279 D'AQUITAINE.
983 210 1032 266 239

176 317 327 384 Defectus¹
343 319 410 381 solis
424 318 526 395 varios,
538 317 667 398 lunaeque
680 315 799 394 labores,

177 400 266 472 Quam
277 400 399 482 speciosa
413 397 465 459 sibi
478 404 539 472 est3
553 404 582 460 et
594 400 678 538 quim
692 396 814 458 vanescit
825 396 853 457 in
866 392 932 477 ipsis
945 394 952 453 t

177 480 244 552 Qoae
259 481 323 542 licet
337 501 370 541 ex
400 479 470 539 rimo
485 486 588 539 naturae
621 477 753 539 obeantur
763 477 879 550 honore,

175 561 237 623 Nou
251 570 344 622 tamen
356 498 399 621 al
400 578 496 621 veram
509 565 625 640 possunt
637 558 786 698 perducere
797 559 893 620 vitam.
974 570 1025 617 225

177 640 304 733 Denique
317 641 350 700 ab
361 639 406 700 his
416 658 538 720 praeceps
550 638 579 699 iu
594 658 641 699 rnu
655 646 695 698 tas
708 639 867 721 relligiones

177 718 296 795 Decidit,
310 727 339 782 et
348 720 425 781 factis
436 718 517 779 haesit
528 716 629 779 factore
642 717 746 780 relicto.

176 800 248 862 Nam
262 801 285 861 si
298 800 465 861 nuncetiam
479 798 570 859 illaesis
584 798 664 880 vigor
675 797 721 860 ille
734 806 869 872 muneret,

177 880 208 942 ln
223 901 278 963 quo
293 880 388 941 insons
400 886 496 939 natura
507 878 576 949 suit:
591 899 641 939 sua
654 898 795 960 quemque
809 877 935 939 voluntas

177 958 330 1023 Conciliato
342 960 411 1035 Deo,
426 962 563 1041 poenaque
577 957 717 1019 absolvere
731 965 842 1040 posset:
975 970 1026 1016 230

178 1039 369 1122 Nequicquam
379 1039 505 1101 Christus
516 1048 634 1099 mortem
646 1038 790 1100 moriendo
804 1038 901 1118 piaret,

179 1124 328 1183 Peccatum
343 1126 370 1181 et
382 1118 479 1179 mundi
493 1119 604 1201 sanguis
615 1138 672 1179 nou
683 1119 790 1180 tolleret
801 1116 877 1197 agni,

179 1200 236 1262 Noc
268 1220 337 1262 enus
347 1200 502 1262 humanum
520 1198 645 1281 generari
659 1218 754 1259 rursus
769 1203 864 1278 egeret

186 1221 347 1343 Conalitione
359 1284 448 1341 novt:
464 1280 596 1361 quoniam
611 1278 744 1359 sapientia
753 1296 832 1354 sana,

180 1360 253 1423 Sana
262 1360 343 1435 fides,
357 1379 454 1422 sanum
469 1358 625 1431 arbitrium,
638 1377 719 1418 mans
733 1357 817 1417 libera
832 1353 942 1431 morbo,
981 1370 1032 1417 aaa

179 1440 268 1503 Vitam
283 1449 396 1523 agerent
411 1439 523 1521 dignam
536 1456 711 1500 summorum
723 1435 901 1520 participatu.

222 1682 277 1747 Sed
292 1690 424 1768 prostrata
437 1683 534 1777 semel?
545 1691 648 1767 quanto
658 1693 754 1746 natura
768 1680 903 1767 profundo

186 1768 328 1844 lmmersa‚
341 1774 369 1826 et
383 1774 494 1846 quanta
509 1775 545 1827 sit
556 1766 631 1828 mole
645 1785 776 1849 oppressa
791 1764 897 1827 ruinae!

182 1844 305 1907 Verbum
319 1847 403 1907 homo
417 1846 459 1925 lit,
473 1864 622 1935 rerumque
633 1856 706 1909 sator
719 1844 771 1907 sub
784 1843 945 1907 conditione

182 1925 296 1987 Servilis
312 1926 407 1987 formae
418 1926 547 2007 dignatur
557 1946 583 1988 rr
618 1925 763 2006 inenasci,
981 1935 1034 1982 ato

182 2006 270 2087 lnque
282 2006 455 2066 iulirmorum
467 2012 581 2065 cunctos
614 2000 763 2065 escendere
777 2022 888 2065 sensus.
935 2044 939 2051 -

182 2086 303 2146 Vexatur
315 2085 415 2155 virtus,
431 2103 458 2143 sa
480 2084 564 2143 ientia
577 2082 751 2143 ludificatur:

183 2164 291 2224 lustitia
305 2164 421 2242 injustos
434 2103 533 2220 tolerat
545 2183 554 2233 3
569 2160 715 2220 clementie
728 2178 833 2222 ravos:

185 2242 277 2302 Gloria
291 2245 482 2319 contemptum
495 2238 581 2313 subit,
593 2245 623 2298 et
630 2245 768 2299 tormenta
783 2244 923 2320 potestas:

185 2320 271 2398 lnque
284 2318 372 2378 crucis
386 2336 496 2398 poenam
509 2316 582 2377 nulli'
591 2314 725 2378 violabilis
737 2336 857 2400 usquam
983 2330 1032 2383 225

185 2397 246 2458 Vita
261 2397 350 2480 agitur
363 2419 369 2456 :
388 2396 466 2479 cujus
477 2396 629 2479 perimatur
641 2405 730 2459 morte
743 2404 900 2480 peremptor
912 2404 924 2437 ²
937 2421 943 2461 :

185 2477 264 2539 lusto
275 2487 306 2539 ut
315 2498 366 2561 pro
379 2476 488 2560 injustis
502 2476 564 2541 fuso
578 2475 725 2560 sanguine,
739 2476 775 2540 sit
788 2496 863 2541 mors

184 2558 270 2622 Unius
285 2559 401 2623 insontis
415 2559 566 2622 multomm
578 2558 634 2621 vita
647 2574 768 2623 reorum.

225 2801 282 2871 lloe
296 2810 380 2892 ignor
393 2801 480 2893 pretio
493 2803 592 2897 captivi
606 2822 696 2895 quun
707 2812 893 2895 redimuntur,

184 2888 207 2946 Α
228 2900 342 2978 noscant
354 2894 426 2972 quali
440 2896 562 2955 conclusi
577 2916 696 2972 carcere,
708 2914 798 2978 quove
985 2908 1036 2961 2³0

186 2910 295 3061 leessr
310 2968 411 3057 ¹fuerint
425 2972 541 3034 morbo:
558 2974 659 3054 quibus
673 2970 822 3056 eripiendis

187 3044 316 3106 bucourn
332 3048 405 3109 haud
417 3050 494 3111 aliter
507 3056 607 3132 potuit,
619 3056 702 3136 quam
716 3064 805 3117 morte
817 3055 968 3119 mellentis.

185 3125 219 3185 Et
230 3126 293 3206 quia
309 3127 343 3188 de
358 3130 465 3211 magnis
480 3132 576 3212 opibus
590 3134 724 3195 nonnulla
738 3145 897 3217 supersunt,

186 3205 254 3274 Quae
269 3209 400 3289 decorent
411 3209 512 3288 nudos,
528 3218 556 3272 et
566 3232 629 3294 quae
641 3212 767 3277 solentur
779 3234 883 3295 egenos
895 3239 901 3275 :

126 3491 131 3519 ¹
151 3493 301 3553 «Defectus,
324 3502 371 3545 otc.
387 3514 398 3538 o
422 3497 455 3567 Lc
476 3498 549 3559 poete
583 3500 791 3565 preoccupations
811 3501 855 3552 das
877 3500 979 3551 enciens
1000 3506 1038 3549 sa-

93 3563 229 3613 cmprunte
239 3571 266 3606 ce
280 3560 360 3606 vorot
375 3558 473 3622 Virgrla
481 3573 551 3672 pour
593 3576 647 3626 ges.

94 3613 180 3664 rnieux
192 3616 255 3668 faire
272 3621 352 3669 sentis
367 3620 392 3670 la
409 3622 480 3673 ranit
507 3622 551 3672 des
624 3626 636 3655 ²
663 3616 1020 3689 «Perrmqtoralcdtmon,
1061 3626 1130 3742 ⁹
1159 3683 1162 3688 ¹
