2324 3960
101 165 147 216 212

365 159 518 213 CLAUDIUS
534 157 651 211 MARIUS
667 156 795 210 VICTOR.

195 261 308 325 Auctori
321 279 417 343 parere
426 280 488 336 suo,
501 265 529 323 et
539 257 658 344 pecudes
671 257 777 320 ratione
785 261 910 321 carentes

93 378 104 391 ·
196 342 262 405 Plus
276 345 360 425 quim
374 341 564 425 imprudentes
576 338 705 403 homines
722 338 831 403 ratione
840 336 947 415 velere,

195 423 230 485 Et
243 423 267 485 si
277 422 317 485 nil
325 423 447 505 sapiunt.

693 605 767 688 Ergo
780 602 858 666 omni
866 602 975 667 somine
984 602 1047 665 vita

197 684 1045 777 Prmgraridamutprimrimclaudilleusimperatarcum‚stc

198 766 259 826 Nox
269 766 335 840 ruit,
349 774 377 828 et
395 766 493 828 subrtae
507 767 610 829 coelum
621 766 761 837 obduxere
771 764 906 843 onsurae,

198 846 350 928 Eliusoquo
360 845 463 907 cadens
472 854 559 908 terras
569 847 632 909 ferit
643 866 706 909 aere
714 844 840 919 nimbus,

197 926 232 988 Et
245 924 321 1000 furit,
335 934 363 987 et
372 934 428 988 toto
442 928 542 1009 pariter
551 926 663 990 desaevit
676 926 706 988 in
717 926 795 988 orbe.

197 1005 255 1067 Nec
264 1006 330 1067 satis
346 1005 454 1068 excidio
463 1013 506 1069 est
517 1007 566 1091 qui
574 1006 697 1070 nubibus
703 1005 793 1068 effluit
805 1002 907 1077 imber,

198 1086 326 1168 Antiqua
336 1085 462 1148 laxantur
472 1106 551 1169 aquae
561 1088 585 1165 ¹,
594 1089 707 1170 jamque
718 1086 819 1149 aethere
831 1090 927 1166 aperto
995 1098 1043 1146 555

198 1166 229 1227 lu
239 1167 328 1228 nubes
340 1186 439 1228 vacuas
453 1167 576 1229 'coelum
594 1168 674 1249 pluit,
690 1173 719 1227 ct
730 1166 849 1227 reserata

199 1246 303 1308 Dcssuit
316 1247 345 1307 iu
358 1245 485 1330 lymphas
498 1246 619 1309 muudus
632 1245 753 1309 coelestis
765 1244 879 1327 5155555,Ι

197 1327 287 1408 Atque
300 1347 387 1388 novos
395 1326 491 1410 pandit
503 1327 595 1389 fontes
605 1325 771 1387 torrentibus
780 1342 886 1409 arquos.

198 1407 325 1489 Dumque
339 1427 396 1468 uno
405 1407 564 1470 immixtum
573 1407 673 1488 raptim
683 1405 831 1488 segurgite
839 1400 944 1485 jungit,

197 1485 275 1555 Quod
284 1486 481 1570 coelum‚quod
492 1487 666 1560 terrauomit‚
675 1486 749 1570 qnod
757 1480 1043 1558 nubilaluuduumso

199 1564 313 1626 lusolvit
328 1586 434 1628 mersos
448 1566 540 1630 mixtis
551 1566 703 1629 cultoribus
715 1583 808 1649 agros,

199 1644 404 1727 implicitosque
417 1665 516 1727 greges
527 1647 652 1722 stabulis,
667 1664 732 1709 cum
744 1642 943 1709 civibusmlres

199 1723 298 1786 Obruit
312 1724 384 1786 iuter
398 1745 499 1805 aquas:
535 1727 666 1817 opulique
679 1732 790 1788 natante
802 1724 896 1799 ruini,

198 1803 279 1866 Nulla
294 1811 388 1866 manet
401 1823 495 1866 rerum
508 1745 610 1869 liores:
623 1805 693 1888 tegit
702 1804 797 1868 omnia
807 1805 927 1881 flumen,

198 1883 674 2026 Crescendoquesuumqerduntct
687 1885 931 1949 fluminanomeu.
993 1893 1043 1944 555

199 1963 263 2026 llox
277 1966 360 2026 etiam
374 1985 467 2040 cursu,
483 1985 522 2028 nu
533 1966 566 2028 lis
576 1965 710 2028 satiabilis
720 1983 844 2048 unquam

198 2044 333 2107 Amuibus
347 2045 484 2122 Oceanus,
499 2053 558 2109 tam
571 2049 673 2130 magua
686 2046 760 2107 mole
772 2051 887 2109 ruentes

197 2125 260 2186 lam
270 2127 411 2208 praescnlit
419 2147 515 2209 aquas.
528 2127 618 2189 Aucto
632 2146 701 2208 quas
712 2127 821 2209 gurgite
833 2124 922 2217 major

197 2204 289 2285 Pollii,
301 2215 331 2271 et
343 2209 373 2271 in
384 2207 530 2272 cumulum
542 2206 690 2271 redeuntes
700 2225 815 2289 surgere
824 2212 909 2288 cogit.

238 2393 274 2454 Et
285 2394 340 2455 'am
350 2402 392 2456 ter
405 2396 499 2478 quinis
512 2414 597 2479 super
608 2393 702 2457 omnia
713 2392 813 2457 celsior
827 2389 901 2454 ulnis
914 2388 925 2425 ⁸
998 2403 1050 2450 555

198 2473 270 2532 Arca
281 2416 421 2562 ietebatur
435 2477 566 2557 (namque
581 2474 642 2537 haec
654 2493 784 2537 mensura
797 2489 942 2556 supremos

198 2550 325 2611 Excessit
335 2556 455 2632 montes)
467 2573 556 2635 quum
564 2554 743 2637 quadraginta
754 2552 851 2616 diebus

198 2628 287 2691 Unius
299 2631 398 2711 pluvias
409 2632 484 2694 luror
497 2642 525 2695 et
538 2653 613 2696 mors
623 2654 679 2696 uua
691 2634 799 2696 fuisset.
813 2664 818 2673 ·

197 2708 250 2769 Tor
264 2711 468 2801 quinquagenis
480 2712 583 2775 dehinc
594 2714 699 2776 solibus
712 2718 724 2754 ⁸
737 2732 800 2776 aere
813 2711 886 2774 sudo

198 2787 354 2851 Consimilis
367 2792 466 2872 ponti⁵
483 2793 582 2856 modus
594 2800 623 2856 et
635 2812 764 2856 mensura
777 2790 922 2866 remansit,
997 2806 1049 2852 555

198 2866 271 2928 Dum
279 2872 360 2931 Pater
369 2871 545 2955 omnipotens
557 2873 722 2955 jamdudum
734 2874 764 2936 in
776 2889 885 2934 carcero
896 2869 990 2954 gentis

200 2945 343 3012 Conclusae
356 2951 503 3030 miserans,
515 2954 594 3018 terris
605 2954 752 3020 abscedere
763 2970 899 3037 magnum

138 3172 170 3242 ¹⁸«
184 3168 300 3231 uncique
315 3181 419 3233 aqum.»
434 3174 468 3225 Le
483 3175 556 3238 poete
599 3170 1049 3239 muncesmuamuchumuto·

105 3232 156 3282 dosr
195 3247 207 3282 c
224 3246 269 3295 par
281 3232 305 3280 15
322 3233 359 3281 155
379 3247 442 3284 caux
459 3237 556 3300 placees
631 3237 726 3286 ⁴«Ter
735 3239 847 3300 quinqua
865 3234 919 3288 suis
929 3232 1049 3284 solibus.»

105 3309 147 3343 au·
167 3309 235 3345 ossus
255 3294 289 3343 du
308 3293 556 3364 firmament.Voqoa
600 3300 683 3362 Voqez
696 3298 720 3347 la
731 3299 856 3358 (15ηὲ555
878 3310 972 3360 ‚unqu
983 3299 1023 3345 ul.

105 3358 128 3405 15
140 3357 239 3415 Genese,
250 3358 291 3406 ch.
300 3371 318 3417 1,
328 3370 353 3406 v.
364 3362 379 3408 6
391 3363 417 3408 et
428 3364 451 3409 5.
632 3362 644 3392 ⁸
656 3379 668 3406 α
679 3361 822 3410 Consimilis
839 3360 920 3424 ponti,
934 3364 993 3417 etc,
1007 3378 1018 3403 ι
1030 3356 1056 3407 15

136 3422 173 3463 ”a

197 3420 282 3470 Nubes
307 3433 411 3484 vacuas,
431 3440 443 3465 ι
460 3434 557 3486 nunges
600 3436 681 3474 masse
700 3423 744 3472 des
762 3436 836 3482 caux.
853 3424 876 3473 15
890 3422 992 3473 volume
1012 3421 1058 3470 des

106 3483 251 3531 immensos.
600 3499 665 3536 eerux
688 3484 800 3546 toujours
825 3485 882 3547 egel
905 3488 972 3535 reste
996 3482 1012 3531 5
1031 3482 1058 3532 la
1085 3502 1091 3511 ·

138 3545 231 3594 ⁵«Tor
247 3543 332 3609 quiuis
352 3545 428 3609 ulnis,
443 3564 456 3589 ι
466 3548 556 3611 quinza
601 3548 684 3597 meme
695 3547 812 3597 hauteur.
