2324 3960
400 214 492 265 salua
509 214 625 265 anuum
642 215 683 265 DE
700 215 792 265 NOLE.
1051 212 1082 261 all

222 315 368 399 lncrepitet
381 315 448 378 taba
462 322 537 377 vasta
552 315 628 397 polo,
644 334 701 377 non
715 316 802 397 possit
815 315 845 376 in
859 334 939 376 auras
1030 325 1079 369 ²³⁵

221 394 306 477 Regis
319 396 354 457 ad
371 414 517 457 occursum
531 395 639 458 levibus
652 414 684 457 sa
698 395 793 457 tollere
805 395 919 477 pennis,

219 476 294 537 luter
308 475 414 537 honora
425 474 522 537 uolans
535 483 695 537 sanctorum
710 475 796 535 millia
811 474 898 546 coelo,

219 555 273 627 Qui
286 574 336 637 per
348 555 431 616 inane
445 554 530 628 leves,
548 574 640 646 nequo
654 554 752 615 mundi
766 554 900 629 compede
914 552 1020 615 uinctos

219 634 311 696 Ardua
325 634 354 695 in
368 642 440 695 astra
455 635 540 715 pedes
554 634 628 695 sacili
642 634 786 695 molimine
797 634 907 707 tollent,

218 712 253 776 Et
265 714 367 777 teneris
379 714 451 777 recti
467 732 516 795 per
530 712 620 793 sidera
633 713 753 775 nubibus
766 714 853 784 ibunt,
1028 719 1080 764 2⁴0

219 792 369 857 Caelestem
380 801 413 855 ut
424 792 518 855 medio
532 800 698 855 venerentur
710 793 740 853 in
753 813 816 855 aero
829 812 939 875 ragam,

219 872 352 955 Claraque
363 872 477 935 adorato
488 872 657 955 conjungant
669 874 782 954 agmina
797 870 916 937 Christo.

256 1031 307 1094 Hic
321 1039 415 1094 metus
432 1038 484 1104 est,
500 1031 655 1105 labor'iste,
668 1031 729 1094 dies
741 1050 778 1094 na
789 1052 835 1094 me
848 1030 963 1094 ultimus
973 1032 1040 1094 atris

217 1110 347 1194 Sopitum
362 1111 483 1173 tenebris
496 1112 581 1173 sterili
596 1111 749 1194 deprendat
762 1112 792 1173 in
807 1120 887 1185 actu,

115 1268 118 1273 Ι
216 1191 350 1274 Tempora
364 1190 417 1252 sul)
430 1190 522 1252 vacuis
534 1191 683 1254 ducentem
693 1190 799 1273 perdita
813 1192 897 1252 curis.
1026 1198 1076 1245 tto

215 1269 286 1332 Nam
302 1269 370 1352 quid
380 1271 484 1353 agam?
498 1270 594 1332 Lentis
604 1270 629 1332 si
644 1270 712 1332 dum
726 1269 863 1332 conniveo
876 1270 957 1347 votis,

215 1349 342 1419 Christus
353 1349 388 1410 alr
402 1349 534 1411 aetheril¹
549 1349 619 1412 mihi
633 1349 759 1432 proditus
769 1369 832 1410 arce
844 1356 982 1422 coruscet,

215 1428 250 1491 Et
262 1428 359 1491 subitis
373 1427 485 1491 llomini
499 1430 573 1491 coelo
587 1428 725 1490 venientis
738 1438 832 1510 aperto

215 1509 389 1570 Praestrictus
399 1508 498 1578 radiis,
514 1509 630 1569 obscum
643 1515 670 1570 et
683 1508 768 1570 tristia
782 1508 872 1570 noctis

213 1585 352 1670 suffugia,
373 1587 449 1649 illato
463 1588 596 1649 oculosus
607 1587 724 1660 lumine,
740 1590 884 1670 quassam?
1026 1595 1075 1643 250

215 1664 294 1737 Quod
308 1666 378 1728 mihi
392 1687 428 1729 ue
442 1668 572 1750 pararet²
589 1668 631 1730 vel
646 1667 800 1730 diffidentia
812 1669 889 1743 veri,

215 1744 266 1807 llal
279 1746 422 1828 praesentis
435 1766 514 1808 amor
528 1746 592 1809 vita
606 1767 756 1829 remmqus
768 1748 905 1829 voluptas,

215 1822 384 1889 (locorumve
398 1826 486 1900 labor,
503 1826 606 1910 placuit
619 1836 783 1909 praevertere
798 1848 877 1889 casus

213 1903 371 1986 Proposito,
388 1914 416 1967 et
429 1925 509 1967 curas
522 1906 603 1968 linire
618 1907 765 1998 superstite
776 1907 850 1978 vita,

213 1983 433 2067 commissisque
447 1986 506 2047 Deo
519 1998 633 2047 ventura
649 1986 789 2049 insaecula
804 1985 898 2059 rebus,
1025 1989 1075 2038 255

210 2063 380 2146 Exspectare
393 2074 502 2126 trucem
520 2085 617 2127 securo
631 2075 743 2147 pectore
759 2076 889 2127 mortem.

213 2141 245 2205 Si
260 2144 348 2225 placet
360 2144 425 2219 hoc,
441 2152 548 2228 gratare
559 2145 599 2205 tui
608 2164 663 2223 spe
674 2145 757 2206 divite
770 2146 868 2215 amici;

212 2220 243 2285 Si
260 2232 356 2287 soona
368 2232 419 2301 est,
437 2225 547 2286 llhristo
559 2226 670 2285 tantiam
684 2243 729 2284 me
743 2224 839 2303 linque
855 2221 973 2302 probari.
1064 2244 1071 2257 ·

446 2437 488 2483 11.
506 2435 652 2484 Ausonio
668 2435 839 2484 Paulinus.

173 2600 176 2607 ’
249 2600 413 2666 Continuata
427 2623 499 2667 meae
514 2603 614 2666 durare
624 2604 734 2666 silentia
745 2604 861 2686 lingue,

208 2679 248 2743 'l'e
263 2702 407 2765 nunquam
420 2683 516 2759 tacito,
531 2703 688 2757 memoras3
703 2683 887 2766 placitamque
901 2682 1012 2745 latebris
1023 2692 1073 2737 2⁶⁰

208 2758 349 2825 Desidiam
364 2762 522 2844 exprobras,
539 2765 732 2844 neglectaeque
746 2763 861 2847 insuper
874 2763 952 2824 addis

206 2838 342 2904 Crimen⁸
361 2842 511 2916 amicitiae;
527 2842 761 2935 formidatamque
770 2844 915 2925 jugalem*

206 2916 319 3002 (injicis,
335 2930 362 2983 et
377 2923 479 2984 durum
490 2923 560 3004 jacis
574 2922 603 2984 in
617 2944 680 2985 mea
694 2942 798 2985 viscera
813 2943 937 2986 versum.

98 3000 102 3007 '
207 2997 301 3074 Parce,
316 3021 425 3084 precor,
441 3003 565 3063 hcerarc
579 3011 671 3068 tuum.
686 3022 740 3065 neo
754 3023 846 3065 amara
858 3002 982 3144 paternis

204 3074 366 3143 Admisccre
379 3082 465 3156 velis,
484 3101 537 3147 cau
551 3083 627 3144 melli
644 3082 794 3156 absinthia,
812 3103 861 3144 ver
882 3084 915 3144 is.
1022 3091 1074 3136 2⁶5

203 3154 278 3221 Cura
291 3160 362 3221 milri
376 3180 488 3245 semper
499 3161 553 3226 luit
567 3169 595 3224 at
606 3170 713 3243 manet,
731 3162 831 3224 olliciis
845 3170 873 3225 ta

137 3322 302 3408 'ochnslua
317 3330 350 3381 ab
367 3331 503 3406 pelliani„
522 3336 570 3383 eta.
596 3331 732 3393 subloncttl
759 3333 792 3383 do
815 3333 922 3406 «parto.
943 3348 954 3372 r
988 3347 1001 3375 r
1024 3329 1075 3379 Dil-

101 3383 517 3509 scffifl'ifflgpiffiffiffil
524 3396 572 3506 lsrplt
596 3394 710 3506 tripentis,
726 3394 906 3451 »incredulae
922 3403 1033 3451 manque
1044 3392 1075 3441 de

104 3507 203 3599 lepetlt
212 3515 316 3567 nombre
327 3514 371 3567 ilas
382 3517 457 3567 alasa
632 3491 644 3547 ἶ
658 3535 670 3562 a
681 3517 792 3577 culmen,
804 3536 816 3560 ι
827 3515 980 3573 accusation,
994 3512 1077 3576 grlel..

170 3574 313 3639 «Parerct,
337 3596 349 3623 ι
381 3579 510 3643 lmparralt
540 3580 574 3631 du
633 3578 809 3643 ⁴«Jugalcm,
822 3597 833 3622 r
847 3576 952 3641 epotam.
