<?xml version="1.0" encoding="UTF-8"?>
<!DOCTYPE html PUBLIC "-//W3C//DTD XHTML 1.0 Transitional//EN"
    "http://www.w3.org/TR/xhtml1/DTD/xhtml1-transitional.dtd">
<html xmlns="http://www.w3.org/1999/xhtml" xml:lang="en" lang="en">
 <head>
  <title>
</title>
<meta http-equiv="Content-Type" content="text/html;charset=utf-8" />
  <meta name='ocr-system' content='tesseract 3.04.00' />
  <meta name='ocr-capabilities' content='ocr_page ocr_carea ocr_par ocr_line ocrx_word'/>
</head>
<body>
  <div class='ocr_page' id='page_1' title='image "./carminaepoetisc01clgoog_0052.png"; bbox 0 0 2324 3960; ppageno 0'>
   <div class='ocr_carea' id='block_1_1' title="bbox 401 204 790 261">
    <p class='ocr_par' dir='ltr' id='par_1_1' title="bbox 401 204 790 261">
     <span class='ocr_line' id='line_1_1' title="bbox 401 204 790 261; baseline -0.005 -3"><span class='ocrx_word' id='word_1_1' title='bbox 401 204 494 259; x_wconf 64' lang='lat' dir='ltr'>stitit</span> <span class='ocrx_word' id='word_1_2' title='bbox 509 208 624 261; x_wconf 73' lang='lat' dir='ltr'>Pnutln&#39;</span> <span class='ocrx_word' id='word_1_3' title='bbox 641 208 684 259; x_wconf 84' lang='lat' dir='ltr'>DE</span> <span class='ocrx_word' id='word_1_4' title='bbox 700 207 790 259; x_wconf 86' lang='lat' dir='ltr'>NOLE.</span> 
     </span>
    </p>
   </div>
   <div class='ocr_carea' id='block_1_2' title="bbox 218 308 1075 861">
    <p class='ocr_par' dir='ltr' id='par_1_2' title="bbox 218 308 1075 861">
     <span class='ocr_line' id='line_1_2' title="bbox 261 308 743 394; baseline 0.004 -26"><span class='ocrx_word' id='word_1_5' title='bbox 261 308 434 392; x_wconf 77' lang='lat' dir='ltr'>Tantirnque</span> <span class='ocrx_word' id='word_1_6' title='bbox 453 311 562 394; x_wconf 80' lang='lat' dir='ltr'>linguas</span> <span class='ocrx_word' id='word_1_7' title='bbox 581 311 743 381; x_wconf 86' lang='lat' dir='ltr'>instruont;</span> 
     </span>
     <span class='ocr_line' id='line_1_3' title="bbox 220 387 868 468; baseline 0.005 -20"><span class='ocrx_word' id='word_1_8' title='bbox 220 387 265 449; x_wconf 79' lang='lat' dir='ltr'>n&#39;it</span> <span class='ocrx_word' id='word_1_9' title='bbox 279 388 434 463; x_wconf 81' lang='lat' dir='ltr'>afferentes,</span> <span class='ocrx_word' id='word_1_10' title='bbox 453 400 485 453; x_wconf 88' lang='lat' dir='ltr'>ut</span> <span class='ocrx_word' id='word_1_11' title='bbox 500 391 618 452; x_wconf 81' lang='lat' dir='ltr'>salutem</span> <span class='ocrx_word' id='word_1_12' title='bbox 632 391 775 452; x_wconf 81' lang='lat' dir='ltr'>conferant</span> <span class='ocrx_word' id='word_1_13' title='bbox 783 436 792 468; x_wconf 89' lang='lat'><strong><em>,</em></strong></span> <span class='ocrx_word' id='word_1_14' title='bbox 857 448 868 457; x_wconf 81' lang='grc'>,</span> 
     </span>
     <span class='ocr_line' id='line_1_4' title="bbox 258 468 655 552; baseline 0 -22"><span class='ocrx_word' id='word_1_15' title='bbox 258 468 337 539; x_wconf 80' lang='lat' dir='ltr'>Quod</span> <span class='ocrx_word' id='word_1_16' title='bbox 350 475 360 508; x_wconf 92' lang='lat'>¹</span> <span class='ocrx_word' id='word_1_17' title='bbox 375 470 516 532; x_wconf 77' lang='lat' dir='ltr'>veritatem</span> <span class='ocrx_word' id='word_1_18' title='bbox 536 471 655 552; x_wconf 78' lang='lat' dir='ltr'>detegat.</span> 
     </span>
     <span class='ocr_line' id='line_1_5' title="bbox 219 546 1075 632; baseline 0.001 -23"><span class='ocrx_word' id='word_1_19' title='bbox 219 546 290 618; x_wconf 82' lang='lat' dir='ltr'>Quid</span> <span class='ocrx_word' id='word_1_20' title='bbox 307 550 383 612; x_wconf 89' lang='lat' dir='ltr'>enim</span> <span class='ocrx_word' id='word_1_21' title='bbox 397 558 493 613; x_wconf 84' lang='lat' dir='ltr'>tenere</span> <span class='ocrx_word' id='word_1_22' title='bbox 504 551 548 612; x_wconf 88' lang='lat' dir='ltr'>vel</span> <span class='ocrx_word' id='word_1_23' title='bbox 559 550 666 612; x_wconf 87' lang='lat' dir='ltr'>bonum</span> <span class='ocrx_word' id='word_1_24' title='bbox 679 558 727 612; x_wconf 84' lang='lat' dir='ltr'>aut</span> <span class='ocrx_word' id='word_1_25' title='bbox 738 570 834 612; x_wconf 87' lang='lat' dir='ltr'>verum</span> <span class='ocrx_word' id='word_1_26' title='bbox 847 557 964 632; x_wconf 79' lang='lat' dir='ltr'>queant,</span> <span class='ocrx_word' id='word_1_27' title='bbox 1040 556 1075 610; x_wconf 68' lang='lat' dir='ltr'>tt</span> 
     </span>
     <span class='ocr_line' id='line_1_6' title="bbox 257 629 784 713; baseline 0 -23"><span class='ocrx_word' id='word_1_28' title='bbox 257 629 310 701; x_wconf 81' lang='lat' dir='ltr'>Qui</span> <span class='ocrx_word' id='word_1_29' title='bbox 327 650 384 692; x_wconf 90' lang='lat' dir='ltr'>non</span> <span class='ocrx_word' id='word_1_30' title='bbox 399 638 495 693; x_wconf 88' lang='lat' dir='ltr'>tenent</span> <span class='ocrx_word' id='word_1_31' title='bbox 511 650 653 693; x_wconf 88' lang='lat' dir='ltr'><strong>summum</strong></span> <span class='ocrx_word' id='word_1_32' title='bbox 669 638 751 713; x_wconf 79' lang='lat' dir='ltr'>caput</span> <span class='ocrx_word' id='word_1_33' title='bbox 761 636 784 710; x_wconf 86' lang='lat'>¹,</span> 
     </span>
     <span class='ocr_line' id='line_1_7' title="bbox 218 705 849 792; baseline 0.01 -24"><span class='ocrx_word' id='word_1_34' title='bbox 218 705 279 770; x_wconf 84' lang='lat' dir='ltr'>Veri</span> <span class='ocrx_word' id='word_1_35' title='bbox 292 709 415 792; x_wconf 87' lang='lat' dir='ltr'>bonique</span> <span class='ocrx_word' id='word_1_36' title='bbox 428 710 555 773; x_wconf 83' lang='lat' dir='ltr'>tomitem</span> <span class='ocrx_word' id='word_1_37' title='bbox 573 718 602 774; x_wconf 83' lang='lat' dir='ltr'>et</span> <span class='ocrx_word' id='word_1_38' title='bbox 621 709 727 771; x_wconf 84' lang='lat' dir='ltr'>iontem</span> <span class='ocrx_word' id='word_1_39' title='bbox 745 710 849 784; x_wconf 81' lang='lat' dir='ltr'>Deum,</span> 
     </span>
     <span class='ocr_line' id='line_1_8' title="bbox 256 789 812 861; baseline 0 -10"><span class='ocrx_word' id='word_1_40' title='bbox 256 789 345 861; x_wconf 82' lang='lat' dir='ltr'>Quem</span> <span class='ocrx_word' id='word_1_41' title='bbox 358 810 441 853; x_wconf 90' lang='lat' dir='ltr'>nemo</span> <span class='ocrx_word' id='word_1_42' title='bbox 455 791 509 852; x_wconf 86' lang='lat' dir='ltr'>nisi</span> <span class='ocrx_word' id='word_1_43' title='bbox 523 791 572 852; x_wconf 67' lang='grc' dir='ltr'>ἰη’</span> <span class='ocrx_word' id='word_1_44' title='bbox 592 789 701 852; x_wconf 84' lang='lat' dir='ltr'>Christo</span> <span class='ocrx_word' id='word_1_45' title='bbox 716 790 812 852; x_wconf 81' lang='lat' dir='ltr'>videt?</span> 
     </span>
    </p>
   </div>
   <div class='ocr_carea' id='block_1_3' title="bbox 210 946 1062 2393">
    <p class='ocr_par' dir='ltr' id='par_1_3' title="bbox 217 946 769 1110">
     <span class='ocr_line' id='line_1_9' title="bbox 217 946 755 1024; baseline 0.004 -15"><span class='ocrx_word' id='word_1_46' title='bbox 217 946 267 1010; x_wconf 86' lang='lat' dir='ltr'>Hic</span> <span class='ocrx_word' id='word_1_47' title='bbox 286 950 408 1012; x_wconf 85' lang='lat' dir='ltr'>veritatis</span> <span class='ocrx_word' id='word_1_48' title='bbox 423 950 519 1011; x_wconf 90' lang='lat' dir='ltr'>lumen</span> <span class='ocrx_word' id='word_1_49' title='bbox 537 958 594 1024; x_wconf 88' lang='lat' dir='ltr'>est,</span> <span class='ocrx_word' id='word_1_50' title='bbox 616 950 680 1012; x_wconf 80' lang='lat' dir='ltr'>vitae</span> <span class='ocrx_word' id='word_1_51' title='bbox 697 951 755 1023; x_wconf 83' lang='lat' dir='ltr'>via,</span> 
     </span>
     <span class='ocr_line' id='line_1_10' title="bbox 254 1028 769 1110; baseline 0.01 -23"><span class='ocrx_word' id='word_1_52' title='bbox 254 1028 313 1106; x_wconf 84' lang='lat' dir='ltr'>Vis,</span> <span class='ocrx_word' id='word_1_53' title='bbox 330 1051 421 1110; x_wconf 81' lang='lat' dir='ltr'>mens,</span> <span class='ocrx_word' id='word_1_54' title='bbox 436 1049 545 1098; x_wconf 84' lang='lat' dir='ltr'>manus.</span> <span class='ocrx_word' id='word_1_55' title='bbox 564 1033 651 1093; x_wconf 78' lang='lat' dir='ltr'>virtus</span> <span class='ocrx_word' id='word_1_56' title='bbox 666 1031 769 1104; x_wconf 80' lang='lat' dir='ltr'>Patris,</span> 
     </span>
    </p>

    <p class='ocr_par' dir='ltr' id='par_1_4' title="bbox 216 1106 842 1267">
     <span class='ocr_line' id='line_1_11' title="bbox 216 1106 842 1192; baseline 0.003 -23"><span class='ocrx_word' id='word_1_57' title='bbox 216 1106 263 1169; x_wconf 87' lang='lat' dir='ltr'>Sol</span> <span class='ocrx_word' id='word_1_58' title='bbox 278 1110 431 1192; x_wconf 67' lang='lat' dir='ltr'>requitatis,</span> <span class='ocrx_word' id='word_1_59' title='bbox 446 1111 508 1172; x_wconf 87' lang='lat' dir='ltr'>fons</span> <span class='ocrx_word' id='word_1_60' title='bbox 524 1111 678 1185; x_wconf 83' lang='lat' dir='ltr'>bonorum,</span> <span class='ocrx_word' id='word_1_61' title='bbox 700 1111 752 1173; x_wconf 83' lang='lat' dir='ltr'>flos</span> <span class='ocrx_word' id='word_1_62' title='bbox 772 1107 842 1187; x_wconf 75' lang='lat' dir='ltr'>oei,</span> 
     </span>
     <span class='ocr_line' id='line_1_12' title="bbox 254 1189 658 1267; baseline 0.007 -18"><span class='ocrx_word' id='word_1_63' title='bbox 254 1189 343 1251; x_wconf 81' lang='lat' dir='ltr'>Natus</span> <span class='ocrx_word' id='word_1_64' title='bbox 363 1189 440 1267; x_wconf 87' lang='lat' dir='ltr'>Deo,</span> <span class='ocrx_word' id='word_1_65' title='bbox 458 1191 555 1252; x_wconf 90' lang='lat' dir='ltr'>mundi</span> <span class='ocrx_word' id='word_1_66' title='bbox 573 1200 658 1264; x_wconf 78' lang='lat' dir='ltr'>sator,</span> 
     </span>
    </p>

    <p class='ocr_par' dir='ltr' id='par_1_5' title="bbox 214 1267 845 1431">
     <span class='ocr_line' id='line_1_13' title="bbox 214 1267 845 1351; baseline 0.002 -23"><span class='ocrx_word' id='word_1_67' title='bbox 214 1267 387 1331; x_wconf 80' lang='lat' dir='ltr'>Mortalitntis</span> <span class='ocrx_word' id='word_1_68' title='bbox 407 1273 460 1333; x_wconf 83' lang='lat' dir='ltr'>vita</span> <span class='ocrx_word' id='word_1_69' title='bbox 478 1279 596 1351; x_wconf 80' lang='lat' dir='ltr'>nostrae,</span> <span class='ocrx_word' id='word_1_70' title='bbox 613 1281 642 1334; x_wconf 83' lang='lat' dir='ltr'>et</span> <span class='ocrx_word' id='word_1_71' title='bbox 660 1292 737 1333; x_wconf 83' lang='lat' dir='ltr'>mors</span> <span class='ocrx_word' id='word_1_72' title='bbox 756 1269 845 1332; x_wconf 83' lang='lat' dir='ltr'>necis.</span> 
     </span>
     <span class='ocr_line' id='line_1_14' title="bbox 254 1348 648 1431; baseline 0.01 -22"><span class='ocrx_word' id='word_1_73' title='bbox 254 1348 384 1431; x_wconf 81' lang='lat' dir='ltr'><strong>Magister</strong></span> <span class='ocrx_word' id='word_1_74' title='bbox 398 1350 444 1412; x_wconf 83' lang='lat' dir='ltr'>hie</span> <span class='ocrx_word' id='word_1_75' title='bbox 461 1351 570 1414; x_wconf 82' lang='lat' dir='ltr'>virtutis</span> <span class='ocrx_word' id='word_1_76' title='bbox 587 1359 648 1427; x_wconf 85' lang='lat' dir='ltr'>est,</span> 
     </span>
    </p>

    <p class='ocr_par' dir='ltr' id='par_1_6' title="bbox 213 1427 800 1590">
     <span class='ocr_line' id='line_1_15' title="bbox 213 1427 800 1513; baseline 0.003 -25"><span class='ocrx_word' id='word_1_77' title='bbox 213 1427 342 1511; x_wconf 84' lang='lat' dir='ltr'>Deosque</span> <span class='ocrx_word' id='word_1_78' title='bbox 356 1430 453 1508; x_wconf 91' lang='lat' dir='ltr'>nobis,</span> <span class='ocrx_word' id='word_1_79' title='bbox 467 1439 549 1512; x_wconf 83' lang='lat' dir='ltr'>atque</span> <span class='ocrx_word' id='word_1_80' title='bbox 563 1450 612 1513; x_wconf 87' lang='lat' dir='ltr'>pro</span> <span class='ocrx_word' id='word_1_81' title='bbox 623 1429 705 1492; x_wconf 88' lang='lat' dir='ltr'>nobis</span> <span class='ocrx_word' id='word_1_82' title='bbox 715 1429 800 1491; x_wconf 88' lang='lat' dir='ltr'>homo</span> 
     </span>
     <span class='ocr_line' id='line_1_16' title="bbox 251 1508 619 1590; baseline 0.011 -22"><span class='ocrx_word' id='word_1_83' title='bbox 251 1508 308 1571; x_wconf 74' lang='lat' dir='ltr'>iios</span> <span class='ocrx_word' id='word_1_84' title='bbox 323 1509 465 1573; x_wconf 84' lang='lat' dir='ltr'>induendo</span> <span class='ocrx_word' id='word_1_85' title='bbox 482 1531 514 1571; x_wconf 89' lang='lat' dir='ltr'>se</span> <span class='ocrx_word' id='word_1_86' title='bbox 528 1511 619 1590; x_wconf 83' lang='lat' dir='ltr'>exuit,</span> 
     </span>
    </p>

    <p class='ocr_par' dir='ltr' id='par_1_7' title="bbox 213 1587 860 1751">
     <span class='ocr_line' id='line_1_17' title="bbox 213 1587 860 1672; baseline 0.006 -23"><span class='ocrx_word' id='word_1_87' title='bbox 213 1587 323 1667; x_wconf 72' lang='lat' dir='ltr'>AEoema</span> <span class='ocrx_word' id='word_1_88' title='bbox 335 1590 458 1672; x_wconf 83' lang='lat' dir='ltr'>jungens</span> <span class='ocrx_word' id='word_1_89' title='bbox 472 1590 602 1653; x_wconf 88' lang='lat' dir='ltr'>homines</span> <span class='ocrx_word' id='word_1_90' title='bbox 615 1591 687 1653; x_wconf 84' lang='lat' dir='ltr'>inter</span> <span class='ocrx_word' id='word_1_91' title='bbox 704 1598 732 1652; x_wconf 86' lang='lat' dir='ltr'>et</span> <span class='ocrx_word' id='word_1_92' title='bbox 748 1590 836 1653; x_wconf 86' lang='lat' dir='ltr'>Deum</span> <span class='ocrx_word' id='word_1_93' title='bbox 849 1596 860 1630; x_wconf 73' lang='lat'>⁸</span> 
     </span>
     <span class='ocr_line' id='line_1_18' title="bbox 252 1668 705 1751; baseline 0.011 -22"><span class='ocrx_word' id='word_1_94' title='bbox 252 1668 282 1730; x_wconf 91' lang='lat' dir='ltr'>in</span> <span class='ocrx_word' id='word_1_95' title='bbox 295 1677 446 1751; x_wconf 81' lang='lat' dir='ltr'>utrumque</span> <span class='ocrx_word' id='word_1_96' title='bbox 461 1675 513 1733; x_wconf 78' lang='lat' dir='ltr'>se⁵</span> <span class='ocrx_word' id='word_1_97' title='bbox 530 1673 705 1734; x_wconf 77' lang='lat' dir='ltr'>commercia.</span> 
     </span>
    </p>

    <p class='ocr_par' dir='ltr' id='par_1_8' title="bbox 214 1746 804 1913">
     <span class='ocr_line' id='line_1_19' title="bbox 214 1746 804 1834; baseline 0.007 -26"><span class='ocrx_word' id='word_1_98' title='bbox 214 1746 264 1809; x_wconf 85' lang='lat' dir='ltr'>Hie</span> <span class='ocrx_word' id='word_1_99' title='bbox 282 1770 347 1832; x_wconf 79' lang='lat' dir='ltr'>ergo</span> <span class='ocrx_word' id='word_1_100' title='bbox 370 1750 473 1812; x_wconf 85' lang='lat' dir='ltr'>nostris</span> <span class='ocrx_word' id='word_1_101' title='bbox 494 1758 525 1812; x_wconf 93' lang='lat' dir='ltr'>ut</span> <span class='ocrx_word' id='word_1_102' title='bbox 544 1772 628 1814; x_wconf 89' lang='lat' dir='ltr'><strong>suum</strong></span> <span class='ocrx_word' id='word_1_103' title='bbox 646 1751 804 1834; x_wconf 79' lang='lat' dir='ltr'>praeoordiis</span> 
     </span>
     <span class='ocr_line' id='line_1_20' title="bbox 251 1825 611 1913; baseline 0.019 -26"><span class='ocrx_word' id='word_1_104' title='bbox 251 1825 400 1893; x_wconf 73' lang='lat' dir='ltr'>vibraverit</span> <span class='ocrx_word' id='word_1_105' title='bbox 415 1831 486 1892; x_wconf 85' lang='lat' dir='ltr'>ooelo</span> <span class='ocrx_word' id='word_1_106' title='bbox 496 1832 578 1913; x_wconf 79' lang='lat' dir='ltr'>jubar</span> <span class='ocrx_word' id='word_1_107' title='bbox 588 1833 611 1906; x_wconf 86' lang='lat'>⁸,</span> 
     </span>
    </p>

    <p class='ocr_par' dir='ltr' id='par_1_9' title="bbox 213 1905 810 2073">
     <span class='ocr_line' id='line_1_21' title="bbox 213 1905 810 1996; baseline 0.012 -29"><span class='ocrx_word' id='word_1_108' title='bbox 213 1905 348 1990; x_wconf 77' lang='lat' dir='ltr'>Abstergit</span> <span class='ocrx_word' id='word_1_109' title='bbox 360 1931 466 1993; x_wconf 68' lang='lat' dir='ltr'>aegrum</span> <span class='ocrx_word' id='word_1_110' title='bbox 483 1913 605 1996; x_wconf 80' lang='lat' dir='ltr'>corporis</span> <span class='ocrx_word' id='word_1_111' title='bbox 619 1912 690 1994; x_wconf 82' lang='lat' dir='ltr'>pigri</span> <span class='ocrx_word' id='word_1_112' title='bbox 704 1912 810 1993; x_wconf 65' lang='lat' dir='ltr'>situm²</span> 
     </span>
     <span class='ocr_line' id='line_1_22' title="bbox 251 1987 705 2073; baseline 0.009 -25"><span class='ocrx_word' id='word_1_113' title='bbox 251 1987 437 2073; x_wconf 74' lang='lat' dir='ltr'>lintriumque</span> <span class='ocrx_word' id='word_1_114' title='bbox 456 2001 557 2054; x_wconf 81' lang='lat' dir='ltr'>mentis</span> <span class='ocrx_word' id='word_1_115' title='bbox 575 1993 705 2063; x_wconf 84' lang='lat' dir='ltr'>innovat;</span> 
     </span>
    </p>

    <p class='ocr_par' dir='ltr' id='par_1_10' title="bbox 212 2066 766 2234">
     <span class='ocr_line' id='line_1_23' title="bbox 212 2066 766 2154; baseline 0.011 -25"><span class='ocrx_word' id='word_1_116' title='bbox 212 2066 345 2132; x_wconf 84' lang='lat' dir='ltr'>Exhaurit</span> <span class='ocrx_word' id='word_1_117' title='bbox 363 2091 446 2134; x_wconf 87' lang='lat' dir='ltr'>omne</span> <span class='ocrx_word' id='word_1_118' title='bbox 466 2072 540 2154; x_wconf 91' lang='lat' dir='ltr'>quod</span> <span class='ocrx_word' id='word_1_119' title='bbox 555 2072 667 2154; x_wconf 80' lang='lat' dir='ltr'>juvabat</span> <span class='ocrx_word' id='word_1_120' title='bbox 685 2081 766 2135; x_wconf 84' lang='lat' dir='ltr'>antea</span> 
     </span>
     <span class='ocr_line' id='line_1_24' title="bbox 249 2147 613 2234; baseline 0.008 -23"><span class='ocrx_word' id='word_1_121' title='bbox 249 2147 338 2225; x_wconf 67' lang='lat' dir='ltr'>cisto</span> <span class='ocrx_word' id='word_1_122' title='bbox 355 2151 502 2234; x_wconf 82' lang='lat' dir='ltr'>voluptatis</span> <span class='ocrx_word' id='word_1_123' title='bbox 521 2154 613 2229; x_wconf 83' lang='lat' dir='ltr'>vice⁷,</span> 
     </span>
    </p>

    <p class='ocr_par' dir='ltr' id='par_1_11' title="bbox 210 2227 1062 2393">
     <span class='ocr_line' id='line_1_25' title="bbox 210 2227 1062 2315; baseline 0.002 -26"><span class='ocrx_word' id='word_1_124' title='bbox 210 2227 349 2311; x_wconf 79' lang='lat' dir='ltr'>&#39;intusque</span> <span class='ocrx_word' id='word_1_125' title='bbox 369 2241 462 2293; x_wconf 81' lang='lat' dir='ltr'>nostra</span> <span class='ocrx_word' id='word_1_126' title='bbox 478 2233 541 2315; x_wconf 87' lang='lat' dir='ltr'>jure</span> <span class='ocrx_word' id='word_1_127' title='bbox 558 2232 672 2293; x_wconf 86' lang='lat' dir='ltr'>Domini</span> <span class='ocrx_word' id='word_1_128' title='bbox 688 2230 810 2291; x_wconf 82' lang='lat' dir='ltr'>vindicat</span> <span class='ocrx_word' id='word_1_129' title='bbox 1030 2238 1062 2285; x_wconf 77' lang='lat'>45</span> 
     </span>
     <span class='ocr_line' id='line_1_26' title="bbox 249 2308 704 2393; baseline 0 -24"><span class='ocrx_word' id='word_1_130' title='bbox 249 2308 285 2370; x_wconf 83' lang='lat' dir='ltr'>Et</span> <span class='ocrx_word' id='word_1_131' title='bbox 299 2309 391 2383; x_wconf 82' lang='lat' dir='ltr'>cordo,</span> <span class='ocrx_word' id='word_1_132' title='bbox 407 2320 435 2373; x_wconf 90' lang='lat' dir='ltr'>et</span> <span class='ocrx_word' id='word_1_133' title='bbox 448 2332 506 2385; x_wconf 87' lang='lat' dir='ltr'>ora,</span> <span class='ocrx_word' id='word_1_134' title='bbox 523 2319 552 2373; x_wconf 89' lang='lat' dir='ltr'>et</span> <span class='ocrx_word' id='word_1_135' title='bbox 569 2318 704 2393; x_wconf 82' lang='lat' dir='ltr'>tempora.</span> 
     </span>
    </p>
   </div>
   <div class='ocr_carea' id='block_1_4' title="bbox 208 2385 803 2875">
    <p class='ocr_par' dir='ltr' id='par_1_12' title="bbox 211 2385 745 2555">
     <span class='ocr_line' id='line_1_27' title="bbox 211 2385 745 2474; baseline 0.004 -26"><span class='ocrx_word' id='word_1_136' title='bbox 211 2385 249 2448; x_wconf 90' lang='lat' dir='ltr'>Se</span> <span class='ocrx_word' id='word_1_137' title='bbox 267 2406 300 2450; x_wconf 82' lang='lat' dir='ltr'>co</span> <span class='ocrx_word' id='word_1_138' title='bbox 319 2390 391 2470; x_wconf 83' lang='lat' dir='ltr'>itari,</span> <span class='ocrx_word' id='word_1_139' title='bbox 411 2391 538 2474; x_wconf 81' lang='lat' dir='ltr'>intelligi,</span> <span class='ocrx_word' id='word_1_140' title='bbox 554 2392 639 2469; x_wconf 83' lang='lat' dir='ltr'>credi,</span> <span class='ocrx_word' id='word_1_141' title='bbox 656 2389 712 2473; x_wconf 81' lang='lat' dir='ltr'>legi</span> <span class='ocrx_word' id='word_1_142' title='bbox 722 2394 745 2463; x_wconf 82' lang='lat'>⁸,</span> 
     </span>
     <span class='ocr_line' id='line_1_28' title="bbox 250 2410 640 2555; baseline 0.008 -26"><span class='ocrx_word' id='word_1_143' title='bbox 250 2410 318 2530; x_wconf 62' lang='lat' dir='ltr'>Seri</span> <span class='ocrx_word' id='word_1_144' title='bbox 326 2471 384 2532; x_wconf 87' lang='lat' dir='ltr'>vuit</span> <span class='ocrx_word' id='word_1_145' title='bbox 398 2472 489 2533; x_wconf 83' lang='lat' dir='ltr'>timeri</span> <span class='ocrx_word' id='word_1_146' title='bbox 507 2481 535 2533; x_wconf 85' lang='lat' dir='ltr'>et</span> <span class='ocrx_word' id='word_1_147' title='bbox 554 2472 640 2555; x_wconf 84' lang='lat' dir='ltr'>diligi.</span> 
     </span>
    </p>

    <p class='ocr_par' dir='ltr' id='par_1_13' title="bbox 208 2546 803 2707">
     <span class='ocr_line' id='line_1_29' title="bbox 208 2546 803 2635; baseline 0.002 -26"><span class='ocrx_word' id='word_1_148' title='bbox 208 2546 303 2611; x_wconf 83' lang='lat' dir='ltr'>AEstus</span> <span class='ocrx_word' id='word_1_149' title='bbox 323 2551 428 2624; x_wconf 81' lang='lat' dir='ltr'>inanes,</span> <span class='ocrx_word' id='word_1_150' title='bbox 450 2573 520 2635; x_wconf 85' lang='lat' dir='ltr'>quos</span> <span class='ocrx_word' id='word_1_151' title='bbox 535 2561 629 2614; x_wconf 86' lang='lat' dir='ltr'>movet</span> <span class='ocrx_word' id='word_1_152' title='bbox 644 2553 708 2614; x_wconf 69' lang='lat' dir='ltr'>vitre</span> <span class='ocrx_word' id='word_1_153' title='bbox 727 2551 803 2613; x_wconf 81' lang='lat' dir='ltr'>labor</span> 
     </span>
     <span class='ocr_line' id='line_1_30' title="bbox 247 2628 596 2707; baseline 0.011 -18"><span class='ocrx_word' id='word_1_154' title='bbox 247 2628 394 2693; x_wconf 86' lang='lat' dir='ltr'>Praesentis</span> <span class='ocrx_word' id='word_1_155' title='bbox 407 2632 458 2693; x_wconf 79' lang='lat' dir='ltr'>aevi</span> <span class='ocrx_word' id='word_1_156' title='bbox 474 2635 596 2707; x_wconf 81' lang='lat' dir='ltr'>tramite,</span> 
     </span>
    </p>

    <p class='ocr_par' dir='ltr' id='par_1_14' title="bbox 209 2708 759 2875">
     <span class='ocr_line' id='line_1_31' title="bbox 209 2708 759 2775; baseline -0.004 -4"><span class='ocrx_word' id='word_1_157' title='bbox 209 2708 308 2773; x_wconf 85' lang='lat' dir='ltr'>Horret</span> <span class='ocrx_word' id='word_1_158' title='bbox 320 2710 420 2775; x_wconf 79' lang='lat' dir='ltr'>futuro</span> <span class='ocrx_word' id='word_1_159' title='bbox 433 2732 499 2773; x_wconf 86' lang='lat' dir='ltr'>oum</span> <span class='ocrx_word' id='word_1_160' title='bbox 512 2713 570 2774; x_wconf 86' lang='lat' dir='ltr'>Deo</span> <span class='ocrx_word' id='word_1_161' title='bbox 584 2713 645 2774; x_wconf 85' lang='lat' dir='ltr'>vitae</span> <span class='ocrx_word' id='word_1_162' title='bbox 659 2710 728 2774; x_wconf 87' lang='lat' dir='ltr'>iides</span> <span class='ocrx_word' id='word_1_163' title='bbox 738 2716 759 2769; x_wconf 81' lang='lat'>⁹.</span> 
     </span>
     <span class='ocr_line' id='line_1_32' title="bbox 247 2791 737 2875; baseline 0 -21"><span class='ocrx_word' id='word_1_164' title='bbox 247 2791 315 2863; x_wconf 74' lang='lat' dir='ltr'>Qun</span> <span class='ocrx_word' id='word_1_165' title='bbox 327 2797 362 2867; x_wconf 88' lang='lat'>¹⁰,</span> <span class='ocrx_word' id='word_1_166' title='bbox 377 2811 447 2873; x_wconf 81' lang='lat' dir='ltr'><strong>quas</strong></span> <span class='ocrx_word' id='word_1_167' title='bbox 459 2792 584 2854; x_wconf 78' lang='lat' dir='ltr'>ridemur</span> <span class='ocrx_word' id='word_1_168' title='bbox 596 2812 737 2875; x_wconf 85' lang='lat' dir='ltr'>spernere,</span> 
     </span>
    </p>
   </div>
   <div class='ocr_carea' id='block_1_5' title="bbox 87 2944 1065 3691">
    <p class='ocr_par' dir='ltr' id='par_1_15' title="bbox 87 2944 1065 3197">
     <span class='ocr_line' id='line_1_33' title="bbox 148 2944 1065 3057; baseline 0.002 -62"><span class='ocrx_word' id='word_1_169' title='bbox 148 2944 272 3057; x_wconf 68' lang='lat' dir='ltr'>&#39;nr&#39;Qnod</span> <span class='ocrx_word' id='word_1_170' title='bbox 283 2968 297 2997; x_wconf 79' lang='lat' dir='ltr'>o</span> <span class='ocrx_word' id='word_1_171' title='bbox 312 2964 326 2999; x_wconf 83' lang='lat' dir='ltr'>n</span> <span class='ocrx_word' id='word_1_172' title='bbox 339 2963 403 3013; x_wconf 81' lang='lat' dir='ltr'>pour</span> <span class='ocrx_word' id='word_1_173' title='bbox 424 2948 572 3000; x_wconf 74' lang='lat' dir='ltr'>antioedent</span> <span class='ocrx_word' id='word_1_174' title='bbox 605 2948 735 3023; x_wconf 70' lang='lat' dir='ltr'>rur-neme</span> <span class='ocrx_word' id='word_1_175' title='bbox 758 2948 819 2999; x_wconf 74' lang='lat' dir='ltr'>Dino</span> <span class='ocrx_word' id='word_1_176' title='bbox 832 2951 857 2998; x_wconf 91' lang='lat' dir='ltr'>et</span> <span class='ocrx_word' id='word_1_177' title='bbox 867 2945 970 2998; x_wconf 82' lang='lat' dir='ltr'>homme</span> <span class='ocrx_word' id='word_1_178' title='bbox 983 2951 1038 2998; x_wconf 86' lang='lat' dir='ltr'>tout</span> <span class='ocrx_word' id='word_1_179' title='bbox 1050 2949 1065 2997; x_wconf 73' lang='lat' dir='ltr'>a</span> 
     </span>
     <span class='ocr_line' id='line_1_34' title="bbox 87 3011 963 3146; baseline -0.002 -24"><span class='ocrx_word' id='word_1_180' title='bbox 87 3094 92 3101; x_wconf 92' lang='lat'>·</span> <span class='ocrx_word' id='word_1_181' title='bbox 111 3026 126 3056; x_wconf 49' lang='grc' dir='ltr'><strong><em>κ</em></strong></span> <span class='ocrx_word' id='word_1_182' title='bbox 141 3020 155 3103; x_wconf 56' lang='grc' dir='ltr'><strong>ξ</strong></span> <span class='ocrx_word' id='word_1_183' title='bbox 172 3025 331 3124; x_wconf 64' lang='grc' dir='ltr'>ιῖἔυιυωιιω</span> <span class='ocrx_word' id='word_1_184' title='bbox 348 3076 434 3136; x_wconf 79' lang='lat' dir='ltr'>caput,</span> <span class='ocrx_word' id='word_1_185' title='bbox 450 3073 501 3123; x_wconf 76' lang='lat' dir='ltr'>oto</span> <span class='ocrx_word' id='word_1_186' title='bbox 511 3072 570 3123; x_wconf 90' lang='lat' dir='ltr'>bien</span> <span class='ocrx_word' id='word_1_187' title='bbox 604 3011 778 3131; x_wconf 46' lang='lat' dir='ltr'>lagoisiuban</span> <span class='ocrx_word' id='word_1_188' title='bbox 789 3091 802 3146; x_wconf 69' lang='grc' dir='ltr'>Ιι</span> <span class='ocrx_word' id='word_1_189' title='bbox 813 3071 928 3122; x_wconf 78' lang='lat' dir='ltr'>lumtere.</span> <span class='ocrx_word' id='word_1_190' title='bbox 957 3135 963 3146; x_wconf 23' lang='grc' dir='ltr'>ἰ</span> 
     </span>
     <span class='ocr_line' id='line_1_35' title="bbox 105 3132 1065 3197; baseline -0.004 -12"><span class='ocrx_word' id='word_1_191' title='bbox 105 3136 233 3197; x_wconf 71' lang='lat' dir='ltr'>supreme,</span> <span class='ocrx_word' id='word_1_192' title='bbox 245 3136 269 3186; x_wconf 87' lang='lat' dir='ltr'>te</span> <span class='ocrx_word' id='word_1_193' title='bbox 280 3139 412 3186; x_wconf 76' lang='lat' dir='ltr'>souverain</span> <span class='ocrx_word' id='word_1_194' title='bbox 424 3136 492 3186; x_wconf 81' lang='lat' dir='ltr'>bien.</span> <span class='ocrx_word' id='word_1_195' title='bbox 636 3135 647 3164; x_wconf 93' lang='lat'>⁷</span> <span class='ocrx_word' id='word_1_196' title='bbox 662 3152 675 3178; x_wconf 93' lang='lat'>«</span> <span class='ocrx_word' id='word_1_197' title='bbox 687 3135 839 3186; x_wconf 75' lang='lat' dir='ltr'>Exhaunt...</span> <span class='ocrx_word' id='word_1_198' title='bbox 851 3138 914 3193; x_wconf 82' lang='lat' dir='ltr'>vice,</span> <span class='ocrx_word' id='word_1_199' title='bbox 926 3152 939 3177; x_wconf 73' lang='grc' dir='ltr'><strong>υ</strong></span> <span class='ocrx_word' id='word_1_200' title='bbox 957 3132 975 3181; x_wconf 88' lang='lat' dir='ltr'>ll</span> <span class='ocrx_word' id='word_1_201' title='bbox 995 3144 1065 3183; x_wconf 85' lang='lat' dir='ltr'>rem-</span> 
     </span>
    </p>

    <p class='ocr_par' dir='ltr' id='par_1_16' title="bbox 100 3197 1065 3686">
     <span class='ocr_line' id='line_1_36' title="bbox 140 3197 1065 3261; baseline -0.005 -13"><span class='ocrx_word' id='word_1_202' title='bbox 140 3198 151 3229; x_wconf 80' lang='lat'><strong>³</strong></span> <span class='ocrx_word' id='word_1_203' title='bbox 167 3198 273 3248; x_wconf 81' lang='lat' dir='ltr'>«Nemo</span> <span class='ocrx_word' id='word_1_204' title='bbox 296 3199 348 3246; x_wconf 84' lang='lat' dir='ltr'>ntoi</span> <span class='ocrx_word' id='word_1_205' title='bbox 368 3199 406 3248; x_wconf 86' lang='lat' dir='ltr'>tn.</span> <span class='ocrx_word' id='word_1_206' title='bbox 422 3199 570 3260; x_wconf 75' lang='lat' dir='ltr'>»Anopesto</span> <span class='ocrx_word' id='word_1_207' title='bbox 602 3198 673 3261; x_wconf 74' lang='lat' dir='ltr'>place</span> <span class='ocrx_word' id='word_1_208' title='bbox 692 3209 738 3246; x_wconf 86' lang='lat' dir='ltr'>nos</span> <span class='ocrx_word' id='word_1_209' title='bbox 759 3200 895 3248; x_wconf 81' lang='lat' dir='ltr'>nnolennes</span> <span class='ocrx_word' id='word_1_210' title='bbox 914 3197 1065 3257; x_wconf 79' lang='lat' dir='ltr'>loutoenuceo</span> 
     </span>
     <span class='ocr_line' id='line_1_37' title="bbox 105 3258 943 3383; baseline -0.005 -12"><span class='ocrx_word' id='word_1_211' title='bbox 105 3260 320 3383; x_wconf 55' lang='lat' dir='ltr'>“⁰⁴⁸⁰ffliintit‘i·</span> <span class='ocrx_word' id='word_1_212' title='bbox 338 3321 464 3372; x_wconf 62' lang='lat' dir='ltr'>nnn.</span> <span class='ocrx_word' id='word_1_213' title='bbox 478 3340 489 3365; x_wconf 70' lang='lat'>„</span> <span class='ocrx_word' id='word_1_214' title='bbox 504 3322 570 3371; x_wconf 64' lang='lat' dir='ltr'>on.</span> <span class='ocrx_word' id='word_1_215' title='bbox 602 3274 647 3353; x_wconf 68' lang='lat'>¹³³1</span> <span class='ocrx_word' id='word_1_216' title='bbox 658 3258 943 3383; x_wconf 62' lang='lat' dir='ltr'>trttttttnti.</span> 
     </span>
     <span class='ocr_line' id='line_1_38' title="bbox 102 3340 1062 3447; baseline -0.005 -14"><span class='ocrx_word' id='word_1_217' title='bbox 102 3384 155 3447; x_wconf 81' lang='lat' dir='ltr'>tyle</span> <span class='ocrx_word' id='word_1_218' title='bbox 167 3340 209 3433; x_wconf 53' lang='lat' dir='ltr'>«ou</span> <span class='ocrx_word' id='word_1_219' title='bbox 233 3383 359 3433; x_wconf 74' lang='lat' dir='ltr'>troisleme</span> <span class='ocrx_word' id='word_1_220' title='bbox 378 3383 443 3447; x_wconf 87' lang='lat' dir='ltr'>pted.</span> <span class='ocrx_word' id='word_1_221' title='bbox 456 3409 486 3420; x_wconf 94' lang='lat'>-</span> <span class='ocrx_word' id='word_1_222' title='bbox 505 3383 569 3434; x_wconf 84' lang='lat' dir='ltr'>Gon·</span> <span class='ocrx_word' id='word_1_223' title='bbox 632 3385 644 3414; x_wconf 78' lang='lat'>⁹</span> <span class='ocrx_word' id='word_1_224' title='bbox 662 3358 820 3435; x_wconf 74' lang='lat' dir='ltr'>Constriisez</span> <span class='ocrx_word' id='word_1_225' title='bbox 832 3403 838 3432; x_wconf 70' lang='grc' dir='ltr'>ι</span> <span class='ocrx_word' id='word_1_226' title='bbox 851 3379 1062 3431; x_wconf 79' lang='lat' dir='ltr'>«Fidesvitaeso-</span> 
     </span>
     <span class='ocr_line' id='line_1_39' title="bbox 102 3443 1061 3497; baseline -0.004 -2"><span class='ocrx_word' id='word_1_227' title='bbox 102 3449 237 3497; x_wconf 79' lang='lat' dir='ltr'>otruleez:</span> <span class='ocrx_word' id='word_1_228' title='bbox 273 3463 285 3488; x_wconf 74' lang='grc' dir='ltr'>ι</span> <span class='ocrx_word' id='word_1_229' title='bbox 317 3447 382 3496; x_wconf 81' lang='lat' dir='ltr'>inter</span> <span class='ocrx_word' id='word_1_230' title='bbox 407 3446 521 3495; x_wconf 84' lang='lat' dir='ltr'>homines</span> <span class='ocrx_word' id='word_1_231' title='bbox 544 3451 568 3495; x_wconf 84' lang='lat' dir='ltr'>et</span> <span class='ocrx_word' id='word_1_232' title='bbox 599 3451 664 3497; x_wconf 75' lang='lat' dir='ltr'>turre</span> <span class='ocrx_word' id='word_1_233' title='bbox 683 3459 742 3495; x_wconf 79' lang='lat' dir='ltr'>rum</span> <span class='ocrx_word' id='word_1_234' title='bbox 761 3447 810 3496; x_wconf 87' lang='lat' dir='ltr'>Deo</span> <span class='ocrx_word' id='word_1_235' title='bbox 826 3445 910 3495; x_wconf 85' lang='lat' dir='ltr'>horret</span> <span class='ocrx_word' id='word_1_236' title='bbox 920 3445 995 3491; x_wconf 78' lang='lat' dir='ltr'>aestno</span> <span class='ocrx_word' id='word_1_237' title='bbox 1008 3443 1061 3491; x_wconf 82' lang='lat' dir='ltr'>tnn-</span> 
     </span>
     <span class='ocr_line' id='line_1_40' title="bbox 100 3511 1063 3686; baseline 0.001 -3"><span class='ocrx_word' id='word_1_238' title='bbox 100 3511 566 3684; x_wconf 68' lang='lat' dir='ltr'>f‘tttnnoonnn</span> <span class='ocrx_word' id='word_1_239' title='bbox 598 3513 766 3686; x_wconf 62' lang='lat' dir='ltr'>&#39;&#39;iiiii&#39;’</span> <span class='ocrx_word' id='word_1_240' title='bbox 787 3584 801 3621; x_wconf 69' lang='lat'>²</span> <span class='ocrx_word' id='word_1_241' title='bbox 822 3581 884 3633; x_wconf 66' lang='lat'><strong>¹¹⁰⁰*</strong></span> <span class='ocrx_word' id='word_1_242' title='bbox 913 3563 1063 3626; x_wconf 50' lang='lat' dir='ltr'>”itit</span> 
     </span>
    </p>

    <p class='ocr_par' dir='ltr' id='par_1_17' title="bbox 129 3648 718 3691">
     <span class='ocr_line' id='line_1_41' title="bbox 129 3648 718 3691; baseline -0.005 -11"><span class='ocrx_word' id='word_1_243' title='bbox 129 3648 161 3683; x_wconf 78' lang='grc'>«1</span> <span class='ocrx_word' id='word_1_244' title='bbox 494 3651 525 3691; x_wconf 76' lang='lat' dir='ltr'>,r</span> <span class='ocrx_word' id='word_1_245' title='bbox 599 3652 610 3680; x_wconf 83' lang='lat' dir='ltr'>r</span> <span class='ocrx_word' id='word_1_246' title='bbox 687 3650 718 3684; x_wconf 81' lang='grc' dir='ltr'>,ι</span> 
     </span>
    </p>
   </div>
   <div class='ocr_carea' id='block_1_6' title="bbox 0 0 1166 3960">
    <p class='ocr_par' dir='ltr' id='par_1_18' title="bbox 0 0 1166 3960">
     <span class='ocr_line' id='line_1_42' title="bbox 0 0 1166 3960; baseline 0 4"><span class='ocrx_word' id='word_1_247' title='bbox 0 0 1166 3960; x_wconf 95' lang='lat' dir='ltr'> </span> 
     </span>
    </p>
   </div>
  </div>
 </body>
</html>
