2324 3960
437 266 440 271 ,
473 232 563 285 samr
579 225 715 285 oauas'e.
784 200 787 207 ’

196 334 254 398 Neo
267 336 372 416 capitur
384 334 468 415 emto,
480 354 578 418 parvos
592 335 726 396 confluxit
739 335 769 396 in
783 343 867 397 artus.

198 415 273 487 Quin
284 424 311 477 et
323 416 452 498 supplicii
466 435 570 476 nomen
582 435 726 497 nexusque
739 416 846 487 subisti,
1020 418 1050 468 ¹3

196 495 232 556 Ut
246 515 297 556 uos
309 497 459 578 surriperes
472 495 558 569 letho,
572 504 746 578 mortemque
760 495 871 578 fugares

198 575 286 636 Morte
298 578 346 636 tua
360 596 367 627 τ
380 596 445 636 mox
458 576 590 637 aethereas
604 584 713 637 evectus
728 576 757 637 in
771 596 861 649 auras,

200 655 318 737 Purgato
331 656 433 738 repetis
448 656 542 717 laetum
555 656 653 718 tellure
667 664 819 739 parentem.

200 894 255 943 ΙΙΙ.
271 896 481 958 Epitaphium
496 897 741 1021 pawtgstmm
756 898 845 957 quod
867 895 931 943 stol
951 888 1054 946 diora

203 1130 257 1201 Qui
270 1127 399 1210 gradiens
414 1125 505 1209 pelagi
518 1126 618 1187 fluetus
634 1125 797 1207 compressit
810 1144 927 1198 amaros,

203 1210 302 1271 Vivere
315 1208 362 1289 qui
372 1215 482 1288 praestat
495 1213 503 1245 ¹
518 1206 664 1266 morientia
682 1205 893 1278 seminaturum,
1024 1213 1056 1257 20

206 1289 318 1352 Solvere
329 1288 377 1369 qui
391 1287 481 1371 potuit
495 1286 594 1347 Lazaro
608 1305 657 1346 sua
668 1284 787 1356 vincula,
802 1285 899 1345 mortis

205 1370 271 1433 Post
284 1366 422 1441 tenebras,
436 1366 569 1427 fratrem*
583 1373 646 1447 post
657 1364 740 1426 tertia
753 1363 858 1424 lumina
871 1363 937 1426 solis

206 1450 248 1511 Ad
262 1468 374 1529 superos
388 1448 486 1508 iterum
501 1446 593 1507 Mariae
604 1447 706 1506 donare
720 1443 816 1516 sorori,

208 1530 274 1591 Post
286 1530 392 1589 eineres
408 1526 557 1588 Damasum
572 1524 654 1587 faciet
667 1523 731 1607 quia
745 1542 858 1605 surgere
870 1521 952 1586 eredo
964 1528 986 1586 ⁸.
1025 1534 1056 1580 24

148 1771 156 1799 ¹
174 1787 187 1814 a
197 1767 336 1829 viverequr
355 1771 490 1831 praestata
505 1767 571 1818 uelut
598 1765 697 1828 ranglle
712 1765 783 1815 selon
795 1766 862 1815 saint
871 1763 941 1819 Jeau.
956 1765 996 1815 oh.
1013 1778 1056 1814 au.

115 1833 158 1895 qut
169 1831 218 1881 futt
227 1833 305 1890 viare,
318 1832 361 1893 qut
373 1831 435 1880 reno
447 1830 472 1879 la
483 1832 532 1879 vta.
631 1829 643 1858 ⁵
661 1847 672 1874 ι
686 1830 745 1877 Post
770 1831 873 1876 emeres.
886 1862 927 1875 ...
950 1829 1030 1877 credo.
1043 1844 1054 1871 ι

148 1892 160 1923 ²
175 1911 186 1936 α
200 1893 323 1942 Fratrem.
338 1891 574 1952 »baumoleum
601 1891 765 1941 Contruisea:
781 1908 792 1934 ι
806 1889 884 1939 Credo
907 1892 966 1950 quta
987 1888 1059 1939 faciet

117 1956 148 2006 de
161 1954 399 2007 Maria-Mudeleiue.
421 1955 501 2019 Voyez
520 1955 574 2005 l'E·
601 1954 737 2005 Damasum
756 1965 856 2014 surgere
864 1956 920 2015 pou
929 1953 1057 2003 eineres.»
