2324 3960
461 190 553 239 semu
568 188 694 239 uultur.

286 346 322 397 Χ.
339 345 428 396 Noun
443 360 486 395 ne
500 358 664 408 sensenna
680 340 773 407 potae
788 346 810 393 t
824 344 860 393 h
872 350 971 397 nort

192 486 247 550 Sed
263 507 325 565 uus,
340 487 463 549 ‹ieeursu
476 486 607 569 prirnaevu
620 486 688 547 ssere
694 485 827 567 juventae,

229 567 291 628 dum
304 567 378 627 dubii
396 588 504 650 gressu,
520 567 633 639 iumine,
648 586 725 638 vuee,
743 584 840 638 mauu,
991 582 1040 627 350

192 647 284 718 Quum
304 648 438 729 quidquid
450 647 553 709 fuimus
567 647 645 709 delur
660 656 702 707 est
717 644 892 717 meminisse,
903 642 1042 726 iidemque

235 727 370 789 Omnibus
381 729 498 807 eripiant
507 729 631 809 proxima
646 725 789 808 praeteritis
801 730 823 799 ¹,

195 807 336 879 incurvos,
349 808 494 887 querulos,
507 818 671 888 eorrsumptu
683 825 809 886 surpere,
823 823 968 887 uunquam

235 886 299 946 [ime
310 905 432 966 quoque,
443 908 505 969 qum
519 888 610 967 gravis
624 894 677 960 est,
688 887 742 945 vitu
755 884 821 945 sutis
833 886 928 947 satiet.

194 964 265 1025 Hine
279 975 320 1024 est
334 966 419 1045 qudd,
436 976 495 1028 tutu
509 968 618 1049 penitus
631 968 705 1026 velut
716 965 781 1025 urbe
793 966 906 1038 remoti,
996 981 1045 1026 355

233 1045 397 1127 Spectamus
409 1055 466 1106 totu
482 1046 616 1128 quidquid
631 1046 659 1106 iu
675 1045 741 1108 urbe
752 1044 830 1126 perit,

192 1124 249 1185 Neu
264 1126 388 1197 miserus,
405 1126 459 1186 aliu
472 1133 602 1207 tunquam
620 1127 670 1186 sub
682 1125 741 1186 sule
754 1133 909 1197 manentes

234 1205 327 1266 Mortis
337 1225 388 1266 nus
403 1204 520 1285 propriu
533 1225 608 1266 mors
621 1206 708 1266 alienu
719 1214 824 1264 muuet.

194 1286 265 1345 Ante
275 1286 368 1347 oeulos
378 1286 459 1367 lunge
480 1305 515 1346 ue
530 1284 612 1345 simut
626 1285 783 1345 fraudamur
796 1282 909 1356 amieis,

234 1364 452 1448 Luminibusque
460 1306 554 1439 iilum,
575 1364 640 1425 hiue
654 1365 806 1425 venitaure
818 1363 909 1425 dulor.
993 1382 1044 1426 ³60

193 1444 335 1507 intereunt
345 1447 440 1507 dulces
452 1466 511 1507 ruvo
524 1454 655 1528 vergente
668 1454 807 1527 parentes,

230 1524 308 1602 Eque
318 1524 377 1604 ipsu
391 1527 492 1605 conjux
502 1528 615 1609 eripitur
625 1525 742 1606 gremio.

192 1603 227 1663 Et
237 1603 325 1662 fratris
339 1604 450 1663 fratrem
465 1626 539 1665 murs
553 1604 768 1687 eeumplexibus
781 1603 884 1678 eusert3

234 1681 269 1741 Et
282 1690 347 1741 nutu
363 1683 477 1742 ²sursau
487 1684 581 1763 junior
593 1685 639 1744 ille
651 1686 713 1746 fuit.

196 1760 298 1822 Ordiue
309 1780 361 1821 nee
373 1761 436 1823 vitu
451 1763 543 1823 senior
554 1763 716 1825 subducitur
728 1771 806 1837 euim,
994 1781 1044 1825 365

234 1840 326 1910 Quum
338 1839 430 1901 videet
441 1842 497 1902 neti
508 1842 602 1902 sunere
614 1864 684 1903 seuve
699 1852 785 1924 puter.

193 1919 281 1980 Nemo
296 1930 389 1982 tumen
400 1932 496 1981 eeutus
506 1922 592 1983 eredit
604 1923 678 2003 quod
691 1924 788 1996 ceruit,
801 1920 902 1983 utillud

234 2000 313 2071 erud
326 2004 382 2063 noir
402 2002 460 2063 vuit
476 2003 563 2063 ceruit
573 2007 585 2044 ³
596 2023 626 2063 se
640 2024 751 2084 quuque
766 2022 845 2083 posse
859 2000 925 2082 peti.

194 2080 253 2141 Hue
266 2091 358 2142 tamen
378 2081 442 2145 iude
454 2084 541 2162 veuit,
556 2082 635 2143 iretis
647 2083 709 2163 quie
721 2102 831 2163 semper
843 2079 945 2162 iniquis

234 2160 350 2223 Mortem
369 2173 532 2254 perpetuum
544 2164 672 2224 ducimus
685 2184 746 2223 esse
758 2162 874 2233 malum,
995 2173 1046 2220 '370

195 2243 229 2303 Et
240 2264 307 2324 quus
317 2245 478 2306 criminibus
493 2264 588 2326 poenes
602 2244 645 2305 lex
660 2251 753 2304 sanctu
769 2243 887 2303 minetur

236 2323 330 2386 Serius
345 2326 469 2406 excipere
482 2325 622 2386 eredimus
637 2342 697 2385 esse
709 2323 827 2383 lucrum.

395 2536 447 2582 11.
463 2536 506 2583 Le
519 2536 689 2599 jugement
706 2536 847 2587 dernier.

195 2703 268 2784 Ergo
278 2703 327 2764 ubi
339 2703 490 2763 terribilem
500 2701 608 2765 dederit
617 2724 681 2766 euve
696 2702 810 2766 bueeiua
823 2707 947 2775 eentum,

235 2784 392 2845 Adventum
404 2783 516 2845 taudem
531 2783 676 2849 testificata
686 2786 750 2863 Dei,

194 2862 258 2922 Mur
267 2861 357 2943 iungis
366 2862 447 2925 telius
456 2864 533 2927 rimis
547 2865 651 2929 divulse
667 2864 779 2949 patebit,
996 2873 1050 2918 375

234 2943 273 3001 Ae
283 2941 385 3024 passim
398 2942 529 3018 flammae,
545 2945 663 3028 fulgura,
679 2942 782 3029 grando
795 2946 887 3001 ruent.

194 3020 261 3082 imis
273 3042 407 3086 concusso
423 3026 532 3108 penitus
545 3027 578 3087 de
593 3029 706 3089 sedibus
718 3022 795 3095 urbe,

237 3101 310 3163 Dum
321 3110 384 3165 tutu
396 3105 500 3167 fervent
508 3106 572 3168 iude
580 3108 623 3170 vel
633 3106 696 3167 iude
707 3104 769 3175 viee,

198 3181 269 3244 Hine
282 3183 365 3243 tristis
376 3186 506 3264 gemitus,
520 3187 593 3249 illiue
607 3187 651 3270 pia
662 3180 762 3263 gaudia
773 3176 847 3249 vitm,

132 3379 141 3408 ¹
171 3377 333 3439 «Fidemque
347 3370 479 3445 omuibus,
500 3383 555 3429 »et
624 3378 667 3420 ἰ
683 3372 799 3432 literatis,
816 3371 865 3419 ete.
883 3381 895 3409 υ
912 3360 1047 3419 Rdfle¹i0u

99 3443 192 3502 qu’une
208 3446 277 3490 murt
291 3438 555 3502 proehuruenousdte
592 3438 737 3492 teueheute.
1039 3489 1045 3499 ,

99 3507 168 3551 toute
188 3503 322 3567 esperauce
350 3501 381 3551 de
409 3504 495 3551 retum
522 3514 556 3553 au
624 3495 800 3551 ⁸rceruita
815 3490 934 3544 Ceverbe
952 3501 1048 3542 ²³⁰8&

101 3564 179 3625 pesse.
592 3562 875 3631 pommus-nemo.»
