2324 3960
367 154 518 207 CLAUDIUS
535 155 654 207 uterus
669 154 792 207 VICTOR.
1011 159 1056 207 207

201 255 372 320 Criminibus
382 254 474 330 tellus,
490 263 613 339 quemtu
625 255 745 319 sulcabis
754 263 856 329 oretro,

201 335 247 398 Sit
255 335 400 398 maledicte
414 336 480 409 tuis,
497 336 590 421 spinos
601 336 774 418 tribulosque
787 335 910 396 minaces

201 415 281 479 Culta
291 417 371 489 foret,
382 415 513 499 fallatque
526 424 606 478 tunm
619 436 683 498 spos
694 415 819 498 improba·
832 423 938 478 votum.

200 495 259 559 Nec
267 495 318 559 tihi
327 504 401 558 terre
414 494 498 557 fidem
509 504 617 559 servett
629 504 661 579 tu
669 497 762 559 vivero
775 495 855 558 letus
1004 510 1056 556 seo

201 575 251 637 His
263 575 292 637 in
303 575 422 652 deliciis,
435 584 462 637 et
476 576 583 638 cunctis
595 575 689 639 rivere
699 574 787 638 seclis

201 653 309 738 Sponte
321 655 453 717 recusasti
467 678 474 715 :
490 654 560 717 duro
573 676 650 719 nunc
665 657 727 719 vive
737 656 841 726 labore,

201 734 370 819 Perpetuum
382 754 494 827 qnoque
505 736 567 797 rire
583 736 677 812 miser,
697 736 765 797 dum
779 741 789 775 ¹
803 736 878 797 lenta
888 740 1016 796 senectus

201 814 233 877 ln
245 823 385 877 terramtc
394 823 530 891 restituat,
545 823 680 898 terreque
689 816 830 877 recondat.

202 894 286 971 Dixit,
309 904 340 957 et
353 896 464 978 ignaros
483 916 520 957 ne
532 895 596 957 coeli
610 896 710 978 injuria
720 896 813 973 ledat,
1002 912 1052 958 385

201 974 283 1037 Veste
296 976 363 1058 tegit
376 975 514 1059 pecudum
528 976 675 1050 miserens,
688 975 830 1058 vitamque
843 975 914 1036 tueri

201 1054 322 1117 Educet:
346 1056 375 1117 'et
388 1074 424 1116 ne
435 1057 535 1116 iterum
544 1056 649 1118 similes
662 1057 750 1117 exiret
765 1056 795 1117 in
808 1075 902 1127 ousus,

202 1133 355 1198 lnlamtum
366 1136 462 1197 mortis
475 1135 622 1199 formidine
633 1138 751 1219 percutit
763 1135 862 1197 Adam.

241 1296 282 1357 Ac
290 1314 326 1357 ne
336 1303 499 1379 perpetuom
512 1296 586 1359 riuti
600 1316 635 1359 ex
648 1296 744 1357 arbore
755 1293 841 1354 vitem

201 1374 405 1449 protraherent,
419 1376 588 1460 miserosque
596 1397 659 1438 reos
671 1375 794 1456 graviora
808 1378 954 1434 manerent
1005 1390 1056 1436 seo

202 1454 355 1537 Supplicia,
371 1457 401 1516 in
416 1456 498 1518 tantis
509 1457 629 1518 nimium
646 1454 775 1516 diuturne
787 1452 898 1529 periclis

201 1535 335 1629 Tempore
349 1535 493 1609 ducentes,
508 1536 630 1617 dirisque
640 1534 756 1596 obnoxie
767 1532 878 1613 pmnis,

202 1614 339 1679 dontrnnd
353 1616 438 1677 secris
449 1616 542 1699 jussos
560 1615 694 1678 decedere
705 1614 776 1677 lucis

202 1696 349 1775 Expellunt
360 1697 444 1769 renti,
461 1697 584 1759 nemoris
603 1715 674 1779 quos
686 1695 753 1758 silve
767 1695 895 1778 profundi

201 1774 334 1849 Concitet,
351 1784 433 1858 etque
448 1774 510 1838 illes
519 1776 628 1838 libranti
641 1777 752 1839 turbine
766 1796 854 1838 nexos
1004 1793 1055 1838 395

200 1856 273 1916 Aure
284 1855 398 1924 relrens.
416 1862 493 1919 sucre
506 1856 629 1919 Peredisi
644 1857 678 1918 ob
693 1859 759 1918 sedo
775 1856 892 1939 repellit.

199 1934 272 2017 Ergo
286 1932 353 1996 liinc
365 1935 444 2027 ejecti
455 1937 582 2018 juvenes,
597 1937 735 2018 terrisque
745 1936 834 2009 relati,

200 2014 308 2077 Perdita
318 2014 425 2077 dimissi
439 2016 579 2097 suspirent
588 2015 689 2096 gaudie
701 2016 773 2076 luci.

201 2093 261 2166 Quo
275 2094 391 2166 ruerint,
406 2094 472 2174 qnid
487 2094 665 2175 perdiderint,
680 2113 742 2175 quoe
755 2095 811 2155 vita
823 2101 965 2175 sequntur,

199 2172 267 2245 Ouae
283 2173 375 2244 fuerit,
387 2172 470 2232 tuoitd
483 2173 574 2232 tristes
586 2170 616 2231 in
628 2182 722 2232 mente
733 2172 869 2232 volutent.
1002 2189 1053 2235 tuo

200 2257 285 2314 Porro
299 2252 384 2313 etiem
395 2250 462 2338 qnid
475 2270 506 2310 se
516 2268 646 2331 supremo
656 2249 687 2308 in
697 2249 754 2310 fine
767 2249 891 2311 futurum
901 2257 954 2329 est,

201 2330 311 2391 flerent
320 2327 450 2389 solliciti:
466 2328 518 2389 sibi
530 2348 599 2388 nurn
609 2330 732 2408 graviore
745 2329 891 2409 supersint,

200 2408 280 2470 Nulla
295 2429 330 2469 ne
347 2426 410 2488 spes
421 2417 548 2490 superest
561 2408 680 2482 miseris,
695 2429 764 2471 num
775 2419 862 2470 morte
874 2411 988 2490 perenni
1003 2417 1014 2448 ²

199 2489 318 2551 Perdant
331 2486 404 2567 quod
419 2498 544 2570 superest
552 2506 562 2568 3
584 2509 619 2550 un
632 2510 721 2570 quom
735 2491 777 2551 vio
789 2489 885 2551 mortis
895 2509 994 2550 umore

200 2573 253 2631 Per
265 2570 373 2651 lignum
386 2572 397 2606 ³
410 2568 545 2650 ingruerit
558 2570 663 2631 mundo
673 2570 838 2653 populisque
850 2569 962 2647 suturis,
1003 2589 1052 2634 too

200 2648 291 2714 Possit
304 2650 394 2711 adhuc
408 2648 520 2731 aliquod
533 2670 582 2733 per
592 2650 699 2733 lignum
713 2651 767 2713 vita
779 2650 878 2711 redire.

410 2839 460 2889 Ul·
475 2838 559 2891 nort
573 2840 682 2889 d’utsel
697 2838 783 2902 (Lirre
798 2836 842 2902 ΙΙ).

238 2976 335 3060 (Ergo)
346 2977 395 3039 uhi
403 2978 494 3070 prime
509 2979 608 3068 domus
620 2980 693 3040 notis
707 2982 765 3060 jum
780 2978 860 3061 plene
872 2976 993 3056 duobus,

199 3055 274 3127 luter
285 3066 341 3123 tam
356 3078 445 3121 venos
458 3058 554 3121 soletra
565 3060 651 3121 multe
666 3059 774 3121 labores

118 3301 121 3305 .
136 3266 168 3313 t·
177 3266 254 3327 Dum,
265 3285 276 3313 ι
283 3265 385 3329 jusqu'd
397 3279 426 3317 ce
435 3280 494 3330 qne.
625 3271 656 3313 δι
667 3268 715 3318 Per
724 3267 834 3332 lignum.
848 3284 859 3311 ι
876 3265 957 3315 Arhre
976 3262 1007 3312 de
1027 3263 1052 3312 la

133 3326 250 3379 *uuum
263 3334 343 3379 morte
354 3331 469 3390 perenni,
479 3336 554 3390 etc.,»
592 3329 689 3380 scienoe
709 3331 743 3380 dn
762 3330 823 3379 bion
844 3335 869 3378 et
889 3327 924 3375 du
939 3324 1000 3373 mal.
1012 3351 1049 3396 '-

101 3391 121 3441 st
135 3390 159 3438 le
176 3388 374 3441 morteternelle
389 3390 557 3441 leuronleve·
594 3411 605 3435 ι
621 3393 660 3443 Ali
678 3393 728 3442 uod
755 3406 783 3441 er
795 3391 905 3455 lignum.
918 3385 1049 3439 »Allusron

101 3451 174 3565 risle
193 3464 243 3516 peu
266 3452 427 3521 d'espereooe
438 3454 482 3523 qui
501 3453 557 3507 leur
597 3454 670 3507 tl’ar
688 3407 761 3505 redd
778 3454 804 3507 lu
814 3452 894 3505 croix.
