2324 3960
139 178 186 225 220
404 174 558 226 CLAUDIUS
575 175 694 227 bllllllUS
712 176 838 227 victora.

234 273 358 347 Labitur,
374 283 402 337 et
416 283 515 338 teretes
526 275 610 337 saltus
622 275 749 336 lordonis
762 281 894 335 amoenat.
1003 342 1006 347 ¹

236 354 310 437 Ergo
324 357 380 437 qud
394 355 480 438 fugiat
490 365 631 438 pastorum
644 356 745 436 jurgia,
761 355 795 416 ab
809 354 912 414 Abram
998 362 1020 429 t„

236 433 394 515 Declinans,
405 437 516 516 junctos
536 434 667 498 Sodomae
681 435 751 496 Loth
762 435 863 516 migrat
874 433 904 493 in
915 450 996 514 agros
1007 434 1028 492 ¹.
1058 481 1060 487 ,

275 597 346 658 Tum
359 596 433 658 Deus
446 596 499 657 hle
512 597 613 659 llhram
624 596 716 658 moesti
726 617 775 678 spe
786 604 898 678 pectora
911 593 1037 671 firmans,

244 699 259 733 o
273 676 329 743 Nec
346 680 491 753 movearis,
506 677 554 752 ait,
570 677 659 739 fratris
673 679 747 760 qudd
760 676 837 818 prole
850 675 945 737 relicta
1037 691 1087 740 aaa

234 755 315 818 Nunc
324 757 400 818 solus
413 757 522 819 videare
534 757 601 819 tibi:
614 757 758 819 innumera
780 758 816 818 ile
828 756 930 838 vulgus

235 836 277 897 Tu
292 836 361 898 mqq
375 837 450 899 solus
462 838 525 910 eris,
538 837 688 920 populique
701 837 776 898 idem
789 847 884 899 auctor
892 835 975 898 amici
984 837 1008 897 ².

236 917 351 998 Suspice
362 917 508 998 quadrifidi
523 929 613 998 partes
626 918 748 979 intentus
758 918 792 979 ad
805 917 893 991 orbis,

237 997 282 1056 lns
302 997 343 1058 ioe
357 1015 433 1057 nunc
446 1004 570 1058 austrum
582 1017 689 1072 versus,
712 1006 877 1089 septemque
892 996 1008 1071 triones,

236 1016 301 1150 Qol
307 1077 347 1138 sol
358 1076 493 1149 exoritur,
507 1079 561 1159 qud
571 1097 686 1160 vespere
699 1077 819 1139 concidit
829 1098 901 1138 imo:
1037 1093 1088 1140 750

237 1156 303 1217 Haec
313 1156 432 1230 tibimet,
447 1157 573 1239 prolique
588 1167 654 1229 tua,
670 1158 833 1248 populisque
846 1167 958 1221 tuorum

236 1236 403 1311 Concedam,
416 1244 533 1299 aeternos
544 1236 599 1298 illis
612 1237 763 1299 habitanda
777 1258 826 1320 per
839 1258 947 1301 annos:

170 1344 174 1351 ·
237 1318 306 1390 Quis
318 1326 347 1378 tu
356 1318 442 1378 etiam
451 1317 529 1379 terris
538 1316 622 1399 longe
635 1317 744 1407 lateque
757 1317 867 1380 fruaris.
934 1364 937 1369 .

237 1397 326 1477 Surge
344 1401 436 1479 etqua
464 1407 660 1480 ateantgressu
671 1399 747 1479 prn'rs
761 1397 870 1480 hospite
880 1398 1005 1459 lustra.»

238 1475 303 1565 Haeo
314 1475 369 1536 ait:
383 1477 430 1538 ille
442 1418 532 1539 libens
546 1486 630 1561 paret,
644 1477 794 1559 sedemque
808 1478 969 1558 relinquens

237 1555 371 1634 Emrgrat,
387 1556 570 1638 Chabronque
585 1562 596 1596 ³
609 1557 694 1631 subit,
707 1556 814 1639 subque
827 1557 890 1619 ilice
900 1557 979 1638 nigre
1039 1571 1090 1618 755

238 1634 281 1694 Ad
292 1634 414 1696 Mambre
425 1646 554 1716 querceta
587 1644 645 1699 ater
656 1637 773 1699 tentoria
787 1637 869 1719 figit:

239 1712 291 1776 Hlo
304 1734 415 1811 quoque
423 1715 563 1778 solemnes
568 1655 691 1779 llomino
706 1718 787 1780 struit
797 1728 828 1779 ut
837 1717 990 1780 colataras.

279 1872 385 1934 lnterea
398 1890 499 1954 magno
508 1871 613 1935 circdm
625 1871 753 1935 turbante
763 1873 913 1936 tumultu*
1065 1868 1079 1899 '¹

240 1952 332 2015 Hostis
341 1953 419 2016 adest
428 1951 533 2028 avidae,
549 1953 623 2016 varia
636 1953 794 2036 quemdote
805 1953 903 2016 referta

239 2031 375 2099 Sollicitat
387 2033 477 2108 tellus,
488 2035 593 2117 campis
613 2033 684 2096 illisa
699 2035 813 2096 resultat
1041 2049 1092 2098 tao

240 2113 358 2197 Ungula,
375 2126 404 2179 et
417 2114 511 2177 effusis
525 2124 598 2177 errat
605 2114 751 2198 populator
764 2113 891 2186 habenis,

239 2195 393 2259 Adversdm
405 2195 535 2258 Sodomae
547 2194 728 2278 pinguissima
742 2213 842 2276 pascua
851 2193 951 2276 gentis.

241 2274 311 2338 both
323 2279 388 2339 verb
398 2277 484 2359 portis
497 2296 562 2336 cum
574 2295 639 2358 rege
650 2275 771 2354 erumpit
780 2277 891 2357 apertis,

242 2355 277 2417 Et
290 2356 380 2419 vicina
390 2376 488 2418 manus
497 2375 596 2436 regum
608 2354 682 2416 socia
696 2373 771 2414 arma
785 2355 922 2415 l'erentdm

241 2432 1095 2514 Seoumequitespeditesquetrahunt:distendituragmen,7ee

241 2511 403 2592 Confligunt
413 2512 485 2572 acies
497 2511 609 2589 pariter,
624 2517 818 2587 sternuntque,
830 2511 998 2591 caduntque.

242 2590 299 2651 Sed
310 2591 397 2670 turpia
408 2588 537 2650 Sodomae
549 2588 616 2646 luxu
629 2584 748 2645 emollita
758 2590 901 2662 juventus,

241 2668 279 2730 Ut
290 2688 400 2729 rursum
415 2665 515 2730 exarsit
527 2664 659 2746 repetitus
672 2661 775 2721 clamor
790 2661 817 2720 in
832 2661 898 2738 iras,

243 2747 360 2809 Vertont
368 2755 444 2828 terga
457 2751 548 2805 metu:
564 2741 659 2824 rapido
670 2759 732 2822 pars
741 2738 844 2801 moenia
857 2759 951 2810 cursu,

181 3003 187 3033 ¹
204 2999 330 3056 attractos
351 3005 466 3056 Sodomae
488 3017 502 3054 a
521 3016 597 3067 ros,·›
634 2999 1093 3073 cederentn’enretenaientplnsqne

148 3066 184 3115 les
197 3066 303 3130 champs
315 3069 408 3121 volsins
418 3069 450 3118 de
463 3069 493 3118 So
511 3080 598 3117 ome...
635 3067 666 3115 de
686 3066 821 3130 grossieres
843 3065 929 3136 iddesq
940 3063 976 3113 les
992 3063 1094 3115 tausses

147 3128 253 3179 Sodoma
263 3131 323 3181 etait
332 3131 411 3183 situee
420 3132 483 3181 dans
492 3130 600 3180 lavallee
635 3126 1092 3190 divinitassemuluplrarent:etc’est

146 3190 293 3306 qupppupel
308 3193 470 3308 aupoulqt'llpqi
493 3194 518 3242 la
545 3206 601 3243 mer
636 3191 828 3303 qqupqhdtppna
846 3190 896 3239 lieu
914 3190 1092 3239 alavooatton

240 3269 272 3305 ou
295 3269 323 3306 ac
356 3271 367 3307 s
404 3270 482 3306 are.
750 3269 762 3301 a
795 3271 824 3301 .»
899 3268 902 3273 ·

181 3319 223 3363 ἀ
249 3319 337 3383 Populi
363 3271 450 3369 ductor
478 3317 562 3368 amici.
588 3335 599 3361 a
670 3315 817 3365 ³Ghebron.
827 3312 893 3362 Villa
902 3313 933 3363 de
945 3312 970 3361 la
980 3311 1049 3361 tribu
1059 3311 1093 3363 de

148 3381 262 3440 Bossuet,
279 3383 347 3432 Iliae.
365 3382 438 3431 noto.
453 3386 489 3430 11⁰
509 3380 601 3443 partie,
638 3378 712 3428 iuda.
724 3376 887 3428 -Mambre
907 3376 993 3424 Valtee
1015 3375 1044 3423 de
1067 3374 1093 3424 la

148 3448 176 3493 2⁶
186 3445 282 3507 epoque
293 3463 300 3494 ι
312 3464 324 3489 α
337 3446 384 3494 les
398 3442 533 3493 anciennes
549 3448 600 3492 tra·
638 3440 771 3499 Palestiue,
781 3439 861 3489 situte
872 3445 944 3488 entre
956 3437 1058 3488 Hebron
1067 3445 1094 3488 et

149 3505 242 3556 ditione
264 3507 420 3558 a’onbliaient
438 3512 465 3555 et
482 3505 602 3555 s’obscur·
636 3502 789 3554 Jerusalem.

149 3567 279 3633 cissaient3
290 3570 326 3623 les
336 3570 415 3622 latites
425 3567 470 3632 qni
480 3567 538 3620 leur
547 3580 604 3618 sue·
672 3566 683 3597 ⁴
697 3585 709 3610 «
722 3564 857 3629 tumultu,
868 3582 880 3609 »
893 3574 995 3627 guerre.
