2324 3960
562 178 696 230 ARATOR.

275 275 376 338 Paulus
390 275 424 337 ed
438 276 497 337 haec
510 274 634 336 tunicum
647 273 751 357 rumpit
765 273 891 349 festinus,
904 275 997 351 aperte

274 354 322 417 Sic
336 356 484 439 prohibens
497 356 602 417 ratione
613 355 708 416 viros:
726 377 741 413 u
753 352 894 415 Solemnis
906 350 986 413 nobis

273 436 339 509 Cur,
355 455 461 519 precor,
475 435 527 496 iste
541 435 621 507 datis,
635 433 723 514 fragili
736 454 805 517 quos
817 452 931 573 corpore
944 435 1053 492 constet

270 514 395 579 uerene
409 515 460 577 sub
473 515 535 596 lege
549 515 654 597 premi?
667 514 720 576 fuit
733 514 835 596 impius
850 534 867 574 o
880 514 917 573 im

273 594 436 678 Reiligionis
450 595 550 674 honor,
570 615 657 677 quum
670 593 813 655 numinaf
872 593 994 656 metallis
1094 597 1125 641 ²⁵
1150 632 1154 636 -

272 674 398 738 Artifices
411 676 529 736 timuere
538 678 592 745 sui,
608 694 695 758 quum
710 674 811 755 temple
844 681 947 735 icereut

271 754 408 819 Abscissis
420 756 455 818 de
467 774 536 837 rupe
549 754 626 816 deis:
638 763 705 816 tunc
717 754 788 816 sorte
801 754 903 823 libebat
940 780 943 785 ·

270 834 408 899 innocuos
423 843 542 897 mactare
556 852 664 919 greges,
680 833 820 915 fibrasque
833 834 957 916 tepentes

271 912 431 989 Consulem,
444 922 472 976 et
484 933 582 976 vocem
596 914 708 996 pecudis
720 913 864 977 morientis
876 913 906 975 iu
920 912 990 975 extis

271 994 508 1068 Quereremunc
520 994 604 1056 libent
616 995 693 1059 vanu
704 992 875 1057 cessantibus
887 993 942 1055 aris
1095 1001 1128 1047 ³0

272 1075 388 1138 AEterno
398 1093 494 1156 parere
507 1073 575 1147 Deo,
592 1074 639 1155 qui
654 1075 761 1135 semina
773 1074 837 1135 vitm

272 1155 403 1227 Praehuit,
420 1163 448 1216 et
460 1153 542 1215 variis
553 1153 730 1235 proventibus
742 1173 804 1214 ervu
818 1154 932 1227 locavit3

272 1234 358 1317 Cujus
372 1234 406 1297 eb
420 1234 535 1317 imperio
550 1233 638 1316 plenis
651 1234 793 1315 consurgit
804 1233 893 1295 aristis

271 1315 312 1377 De
326 1333 412 1398 gram
426 1317 560 1375 moriente
572 1332 663 1394 seges,
676 1313 836 1394 palmesque
848 1313 951 1381 recisus

271 1392 392 1457 Vulnere
405 1400 551 1476 conceptas
564 1392 709 1454 fecundius
720 1393 820 1455 educat
829 1413 912 1467 uves;
1097 1406 1128 1449 is

272 1474 334 1547 Quo
348 1473 510 1537 moderante
523 1473 629 1565 polum,
640 1470 792 1534 succedunt
805 1470 908 1535 'solibus
922 1472 1034 1547 imbres,

274 1553 409 1637 Tempore
421 1550 591 1636 temporibus
604 1575 611 1614 ι
625 1572 688 1636 quse
699 1572 786 1635 quum
798 1550 913 1635 fugitiva
923 1563 1070 1616 recurrimt

274 1633 340 1695 Post
353 1652 402 1695 sue
416 1640 493 1713 terga
502 1632 526 1709 ¹,
541 1632 602 1714 vagi
616 1630 769 1694 constantie
783 1640 926 1715 permonet
937 1634 1036 1695 auni⁸.

273 1711 377 1775 Discite
387 1712 447 1791 jum
457 1730 554 1772 rerum
567 1716 644 1773 secra
657 1709 693 1773 de
704 1713 812 1794 virgine
824 1721 921 1775 netum

272 1790 304 1852 ln
316 1786 546 1865 terrisaelebrere
555 1788 656 1863 Deum,
668 1811 720 1853 nec
731 1802 793 1855 vote
803 1790 896 1855 feratis
1096 1804 1131 1850 to

273 1868 408 1953 Lanigero
422 1870 554 1932 damnosa
565 1870 643 1953 gregi
658 1890 729 1952 quius
743 1870 839 1935 liberat
851 1892 938 1956 agnus

273 1946 390 2026 Unicus,
405 1949 531 2013 ablutum
543 1950 591 2032 qui
604 1950 740 2032 sunguine
757 1961 897 2037 comperet
910 1952 1017 2016 orbern.

215 2155 225 2187 ⁴
248 2177 260 2206 ι
281 2160 424 2227 Tempore,
443 2176 457 2205 s
481 2159 586 2215 setsons.
605 2182 637 2201 -
708 2160 744 2208 ἰ
764 2160 827 2228 Vugi
847 2163 996 2227 constantie,
1024 2183 1037 2210 e
1073 2172 1125 2218 eto.

184 2218 352 2276 «Recurrnnt
372 2229 428 2289 post
448 2228 495 2274 suu
516 2234 635 2292 tergn,ii
677 2224 775 2276 l’snnee
786 2226 864 2290 gurde
881 2238 941 2276 eveo
958 2233 1099 2281 constance
1112 2232 1137 2281 le

183 2286 457 2339 recommencemleur
467 2300 550 2338 cours.
677 2288 1020 2353 reginariumeemerchc.
