2324 3960
501 217 669 268 rutundus:

209 318 393 379 Concurrunt.
407 315 496 380 illotus
510 319 559 381 sed
572 326 673 380 terram
690 317 815 400 protinus
828 338 941 381 ornnem

208 396 347 475 Concutit,
361 407 390 460 et
403 398 471 461 eoelo
485 399 576 480 lapsus
588 399 730 461 deseendit
742 407 836 480 aperto
1011 405 1059 451 215

208 475 340 552 Nuntius,
353 487 382 540 et
393 499 490 540 saxum
504 478 603 541 tumuli
616 479 650 541 de
664 479 761 541 lirnine
772 479 857 541 volvit
871 503 877 537 :

208 555 282 618 lllius
299 567 327 619 et
340 558 422 621 facies
436 560 571 641 splendet,
585 579 637 621 eeu
650 559 766 642 fulguris
780 559 864 642 ignis,

208 635 241 698 Et
257 638 327 700 nivis
341 639 374 700 ad
388 641 509 721 speeiem
522 640 616 701 lucent
628 639 764 701 velamina
778 639 873 700 vestis.

206 716 339 780 Militibus
354 727 442 782 terror
452 739 565 782 sensum
580 719 760 782 discluseret¹
775 738 900 797 ornnem,

206 797 241 859 nt
251 801 363 878 jacuere
376 800 470 874 simul,
484 820 536 861 eeu
550 799 611 862 fusa
624 799 752 862 cadavera
766 799 850 861 letho.
1009 807 1075 877 220,

208 876 254 938 llle
268 879 317 940 sed
330 879 368 941 nd
377 889 480 940 matres
495 879 542 940 tali
556 901 620 940 eum
635 901 702 942 vene
716 879 838 962 profatur
850 898 858 941 ε
1029 929 1048 941 ..
1065 888 1070 957 j

210 980 226 1016 n
238 957 334 1019 Vestra
347 979 432 1050 pavor
444 960 538 1020 nullus
551 960 677 1041 quatiens
692 980 766 1021 nune
779 958 860 1021 corda
874 958 989 1039 fatiget5

204 1035 275 1097 Nam
288 1039 431 1101 manifesta
445 1038 515 1102 fides
529 1046 656 1101 sanctum
670 1060 718 1100 vos
732 1059 854 1121 quaerere
865 1057 977 1121 eorpus,
1047 1048 1049 1053 ’

205 1116 284 1186 Quod
298 1119 387 1179 erucis
401 1118 431 1181 in
444 1118 520 1200 ligno
532 1119 663 1180 scelerate
678 1119 784 1181 insania
799 1119 868 1182 lixit.
1025 1128 1028 1133 '

205 1196 331 1259 Surrexit
342 1198 477 1278 Christus,
491 1209 648 1280 aeternaque
660 1198 766 1259 lumina
777 1201 841 1260 vitae
1009 1206 1068 1259 225.

90 1290 93 1298 '
205 1276 325 1359 Corpore
338 1299 404 1340 cum
417 1285 522 1350 saneto,
540 1277 644 1339 devictd
657 1286 757 1356 morte,
770 1281 883 1361 recepit.

84 1394 90 1401 -
204 1354 299 1418 Visere
313 1359 370 1440 jam
383 1358 461 1421 vobis
475 1359 581 1421 licitum
596 1367 647 1431 est,
662 1357 739 1440 qubd
752 1356 818 1419 sede
832 1358 950 1441 sepulcri

204 1434 286 1497 Nulla
300 1437 362 1498 istic
374 1439 483 1520 jaceant
496 1439 606 1501 fuerant
618 1457 682 1521 quae
695 1437 804 1499 condita
819 1438 954 1499 membre.

205 1515 293 1577 Dicite
306 1528 436 1598 praeterea
448 1518 530 1581 celeri
544 1537 716 1610 properoque
730 1537 843 1579 recursu

203 1590 360 1678 [discipulis
374 1596 513 1659 Christum
524 1619 662 1661 remeasse
676 1618 705 1658 1n
719 1597 833 1659 luminis
846 1618 917 1671 ores,
1009 1609 1058 1654 23⁰

129 1732 131 1739 ,
202 1675 290 1758 lnque
302 1676 442 1739 Galilaeam
456 1677 549 1738 laetum
564 1678 719 1760 precedere
733 1686 846 1739 terram.

241 1836 291 1898 llis
304 1836 385 1899 dietis
398 1837 518 1920 visisque
531 1837 640 1899 animos
656 1835 813 1916 perfuderat
827 1837 926 1919 ingens

201 1915 308 1979 Laetitil
321 1917 451 1979 attonitos
464 1926 571 2058 stupor,
588 1916 757 2057 ancipitispue
770 1936 870 1998 pavore
883 1941 889 1977 ι

200 1995 327 2079 Denique
339 1997 471 2080 praecipiti
486 2018 518 2060 ce
529 2006 638 2060 erentes
652 2018 705 2079 gau
728 1999 751 2058 ia
764 2017 846 2058 cursu

126 2112 132 2129 .·
199 2076 276 2139 Talia
289 2077 428 2160 discipulis
441 2077 573 2153 referunt,
587 2077 784 2159 tumulumque
795 2077 964 2159 relinquunt.
1002 2087 1054 2132 2³⁵

199 2157 271 2220 Eece
284 2158 361 2221 iteris
374 2165 385 2197 ²
401 2159 493 2221 medio
509 2159 600 2221 clarus
614 2179 644 2221 se
659 2157 782 2220 ostendit
794 2157 880 2232 lesus,

198 2234 234 2300 Et
247 2239 315 2301 fidas
330 2249 432 2302 matres
445 2239 546 2303 blande
560 2240 664 2302 salvere
674 2236 791 2320 jubebat
805 2260 811 2296 :

199 2317 354 2381 Occurrunt
368 2320 433 2393 illae,
448 2328 476 2382 et
489 2321 607 2402 genibus
622 2319 722 2402 plantis
762 2338 778 2379 e
792 2317 946 2400 prehensis,

199 2395 337 2459 Victorem
349 2397 417 2459 lethi
431 2400 537 2480 pavidae
548 2407 715 2459 venerantur
742 2417 831 2458 esum.
948 2408 954 2424 ·
1002 2404 1054 2452 239

135 2550 143 2584 ⁸
158 2565 172 2593 α
185 2548 333 2611 Diseluserat
342 2565 355 2592 n
367 2549 405 2598 est
413 2548 446 2598 iri
454 2546 478 2598 te
489 2561 562 2612 synu
619 2544 742 2598 ’anens-
752 2558 814 2610 pour
822 2547 1054 2612 trieterisnlremrn.

100 2624 175 2678 nyme
186 2612 216 2663 de
226 2610 372 2661 recluserat.
