2324 3960
117 183 146 232 2⁴
272 189 395 241 AUSONE
411 188 450 241 ET
465 188 557 239 SAlNT
574 187 683 239 nnuma
700 187 741 237 DE
760 185 850 237 nott.
881 188 885 201 '

256 286 353 369 lmpie,
370 286 491 347 Pirithoo
505 286 663 368 disjungere
677 286 783 347 Thesea
797 291 806 323 ¹
822 306 927 367 posses,

214 367 419 447 Euryalumque
431 386 481 427 suo
497 368 604 427 socium
618 386 761 428 secernere
777 365 842 426 Niso
856 368 883 425 ²!

214 444 252 505 Tc
266 446 400 507 suadente
412 445 521 527 lugam,
538 445 652 526 Pylades
667 446 793 528 liquisset
806 445 947 518 Orestem,

212 522 269 585 Nec
281 524 448 586 custodisset
462 524 572 587 Siculus
585 525 741 587 vadimonia
754 526 862 587 Damon
873 527 901 584 8!

251 683 391 754 Quantum
401 683 572 747 oblectamen
604 684 698 767 opuli,
713 704 776 766 quac
790 691 853 745 vota
866 683 1005 744 honorum
1035 691 1069 735 20

212 765 327 846 Sperato
341 763 462 824 fraudata
476 763 563 825 bono!
579 704 715 828 dratantia
730 765 821 825 cuncti

212 842 299 905 Verba
311 843 495 925 loquebantur
511 867 517 904 ι
530 845 588 925 jam
602 845 714 905 nomina
727 853 818 905 nostra
836 843 968 926 parabant

212 924 335 985 luserere
350 924 406 984 anti
427 924 470 985 uis
484 924 535 985 ccvi
550 924 671 985 melioris
685 924 790 984 amicis.

212 1003 333 1065 Cedchat
346 945 461 1084 Pylades
475 1025 483 1064 ε
499 1004 611 1085 Phrygii
624 1024 734 1084 quoque
749 1003 837 1095 gloria
851 1002 908 1062 Nisi

211 1083 273 1144 dum
287 1085 387 1155 minor,
406 1092 434 1145 et
447 1082 579 1165 promissa
592 1084 688 1144 obiens
702 1084 857 1145 vadimonia
875 1082 994 1143 Damon.
1034 1092 1066 1136 25

211 1162 269 1224 Nos
283 1165 471 1226 documental
486 1163 574 1244 magis
588 1162 695 1234 lelicia3
710 1164 800 1244 qualia
815 1183 933 1244 maguus

213 1242 317 1325 Scipio,
332 1244 505 1325 longaevique
519 1242 593 1303 dedit
607 1242 739 1324 sapientia
753 1243 828 1302 Lacll.

212 1323 269 1384 Nos
284 1324 381 1385 studiis
396 1324 550 1405 animisque
562 1323 671 1392 iisdem,
689 1322 843 1382 miracula⁵
858 1322 965 1384 cunctis

213 1402 272 1464 lloc
286 1404 399 1484 majora,
415 1424 494 1486 pares
507 1403 610 1464 fuimus
624 1400 697 1483 quod
712 1401 820 1482 dispare
834 1403 862 1462 in
875 1422 944 1462 aevo.

252 1561 291 1622 Te
307 1561 379 1638 sind,
390 1561 450 1641 jam
463 1561 556 1625 nullus
590 1564 647 1620 rata
660 1561 718 1621 vioe
732 1558 858 1642 provenit
871 1578 978 1632 annus;
1035 1572 1066 1616 an

214 1640 268 1701 Ver
280 1640 402 1723 pluvium
414 1641 474 1700 sind
486 1639 553 1701 licre
565 1581 645 1721 dgit,
661 1640 742 1701 Canis
755 1639 856 1700 aestifer
869 1640 957 1713 ardet,

213 1719 294 1780 Nulla
309 1719 483 1780 autumnales
497 1719 582 1779 variat
596 1723 719 1780 Pomona
733 1738 861 1808 sapores3

213 1800 362 1880 Effusdque
377 1799 498 1860 hiemem
512 1799 655 1861 contristat
668 1800 806 1880 Aquauus
818 1798 903 1860 unda.

251 1960 436 2042 Agnoscis-ne
450 1968 536 2030 tuam,
553 1958 633 2020 Ponti
647 1959 817 2029 dulcissime,
832 1961 965 2042 culpam?

210 2041 281 2103 Nam
293 2040 364 2100 mihi
378 2047 450 2100 certa
463 2038 542 2111 fides,
558 2059 610 2100 nec
623 2039 826 2102 commutabilis
840 2061 961 2122 unquam
1031 2050 1063 2095 35

212 2120 320 2183 Paulini
331 2120 405 2182 illius
416 2120 516 2180 veteris
528 2120 680 2180 reverentia
692 2119 781 2191 durat,

212 2202 334 2283 Quaque
348 2221 411 2261 mco
426 2210 508 2281 atque
521 2207 568 2260 tuo
583 2199 671 2261 luerat
687 2200 855 2260 concordia⁶
872 2201 951 2282 patri.

211 2282 242 2343 Si
256 2281 332 2343 tendi
344 2280 429 2341 lacilis
443 2281 571 2361 cuiquam
585 2280 636 2342 luit
649 2300 729 2341 arcus
744 2279 842 2353 Ulixei,

209 2363 265 2420 Aut
279 2368 376 2441 practer
391 2361 535 2419 dominum
549 2359 689 2420 vibrabilis
704 2380 790 2421 ornus
806 2360 934 2432 Achillei,

208 2440 265 2499 Nos
278 2458 390 2517 quoque
408 2448 464 2496 tam
481 2438 565 2516 longo
584 2437 772 2500 Rhamnusia⁷
789 2440 891 2501 loedere
903 2441 999 2501 solvct.
1031 2449 1064 2493 lu

211 2518 267 2579 Sed
280 2538 327 2577 cur
340 2529 396 2577 tam
409 2524 508 2576 mcesto
522 2535 584 2574 sero
598 2517 684 2576 tristia
698 2520 819 2581 carmina
833 2520 936 2579 vorsu?

210 2599 245 2660 Et
259 2616 315 2657 uon
330 2597 358 2656 in
375 2595 488 2656 meliora
502 2596 611 2656 animus
623 2617 652 2657 se
664 2606 727 2659 vota
741 2597 925 2681 propinquat?

145 2768 154 2797 ¹
175 2786 185 2811 α
203 2764 333 2820 Pirithoo,
351 2760 462 2818 Thesea,
481 2778 493 2804 v
513 2760 575 2809 Piri·
601 2767 712 2823 cantion,
723 2770 748 2815 ct
758 2765 853 2814 Damon
867 2763 948 2809 revint
960 2772 992 2807 au
1003 2762 1060 2820 jour

113 2826 339 2883 thodsetThesec,
360 2822 574 2872 douramisce'ld-
601 2829 716 2888 marque'.
991 2881 996 2893 ι

112 2886 362 2940 bresdanslalalrte,
633 2888 847 2945 unocumenta,
881 2902 892 2928 v
928 2884 1060 2948 mulctes,

145 2952 157 2982 ²
175 2968 186 2996 a
209 2948 359 3010 Euryalum,
379 2947 446 2995 Niso.
460 2965 472 2990 »
496 2946 574 3008 Vovez
600 2951 732 3012 caonrplcs.

112 3014 213 3076 Virgile,
225 3010 330 3066 Euclide,
342 3010 385 3057 lvv.
398 3022 432 3057 vv.
631 3013 642 3042 ὅ
657 3032 669 3056 a
682 3010 808 3066 miracula,
829 3026 841 3051 »
859 3007 937 3068 objets
956 3008 1062 3057 d'aumt-

145 3077 155 3106 ὅ
182 3094 194 3120 v
216 3076 321 3125 Damon.
342 3089 354 3113 n
382 3070 493 3130 Damon,
512 3084 575 3119 con·
600 3078 690 3124 ration.

112 3133 481 3196 damne'dmortparDenyslc
492 3138 573 3195 tyran,
630 3138 641 3165 ⁶
659 3154 672 3179 a
683 3134 819 3185 Concordia
835 3151 847 3175 n
871 3136 909 3181 est
932 3146 1022 3183 encorc
1038 3134 1061 3184 lc

112 3200 236 3250 demanda
265 3200 385 3259 quelques
420 3199 491 3255 lours
512 3209 575 3257 pour
599 3200 666 3257 sujct
678 3199 708 3246 dc
723 3196 827 3245 «diruit.
841 3214 853 3238 v

112 3256 573 3324 arrangerscsallairosdomestiques.
632 3261 643 3290 ⁷
673 3276 684 3302 ι
706 3259 898 3314 Rhamnusia»
919 3257 942 3305 la
962 3258 1062 3305 liliam-

111 3317 576 3376 Undelaiiuilutarcccrddarondi-
601 3326 730 3371 vuvsiuunc.
756 3320 819 3369 Nom
840 3333 889 3381 quc
914 3320 950 3368 les
972 3323 1060 3381 paiens

111 3390 165 3436 tion
177 3400 225 3450 quc
233 3383 344 3445 Pythius.
357 3395 400 3429 sou
412 3384 502 3429 intime
513 3385 573 3440 armi,
599 3385 736 3433 dovrvraieut
745 3384 759 3430 ai
772 3383 893 3437 liurrre'sis,
904 3382 987 3431 delesse
997 3384 1027 3431 de
1038 3383 1060 3430 la

112 3462 139 3497 se
149 3450 257 3498 vcnrlrait
265 3460 291 3495 sa
300 3447 411 3499 verruliou,
421 3448 445 3491 et
454 3448 576 3491 urouvrntt
599 3460 750 3507 vcrrgeunce,
759 3456 830 3506 parco
841 3444 997 3506 qu'clloc'tuit
1007 3459 1061 3505 par·-

112 3512 165 3559 asu
195 3509 307 3567 lace,s'il
319 3520 350 3555 ne
369 3519 395 3555 se
412 3505 577 3569 representavit
600 3509 785 3558 licutidvoment
806 3509 912 3559 trouorvo
931 3510 945 3555 a
965 3508 1059 3557 lttruur-

107 3584 167 3631 pas.
177 3526 283 3635 ipimus
292 3570 381 3620 voulut
390 3567 449 3619 bion
459 3568 576 3619 servtrdc
599 3582 657 3629 nus,
671 3584 701 3621 cn
713 3573 821 3632 nmque.

740 3836 813 3924 X
