2324 3960
139 168 184 219 tst
412 170 456 224 DE
468 171 682 225 rnovtnltnrrn
699 170 811 221 urvlnn

232 266 290 331 Nec
302 269 368 351 quie
382 270 524 335 dissimilis
541 290 635 333 rernm
647 277 745 333 nutum
756 270 873 331 duarum
886 274 946 339 est:

231 348 329 429 nispar
341 348 463 411 conditio
476 358 533 411 est:
550 358 645 415 menet
660 350 752 414 exitus
765 368 838 411 unus
850 356 1017 431 utrumque.

229 428 278 489 Est
289 429 393 489 etenim
407 428 551 491 ambarum
560 431 645 509 rinei,
655 438 698 493 est
708 438 739 492 et
751 431 862 491 vincere
876 447 968 508 posse,

226 505 363 569 Proficere
376 516 405 570 ct
414 510 521 584 minui;
534 531 651 592 regnare
666 518 694 573 et
707 509 821 592 perdere
834 527 962 590 regnum.
1028 518 1077 569 135

226 585 261 648 Et
274 589 331 668 qud
344 590 488 670 promissis
501 591 573 653 adsit
586 590 688 653 fiducie
702 590 823 671 mugnis,

227 664 266 726 Ac
280 685 345 748 spes
358 670 505 750 preposite
517 671 554 732 sit
566 692 623 733 non
637 672 739 733 incerte
754 685 874 741 corone,

228 744 344 809 Munere
357 749 502 830 proesentis
519 751 595 828 ritae,
608 751 773 813 documenta
793 750 894 811 futures

227 825 319 887 Sumit
329 827 426 901 horno,
439 838 467 890 et
482 830 579 893 dandis
590 831 731 893 confidere
743 829 825 891 discit
838 827 944 908 adeptis
952 832 975 890 ¹.

224 902 295 966 Huic
306 908 369 969 cmii
383 908 520 991 volucres,
532 919 561 973 et
574 919 672 974 cuncte
684 909 812 972 animetis
827 916 907 969 terrae
958 986 961 991 Ι
1026 926 1075 969 roo

225 981 367 1069 Subiecta,
376 995 406 1049 et
416 990 506 1069 pisces
520 1012 592 1073 quos
604 991 692 1054 nutrit
721 997 804 1053 ontus
817 996 845 1051 et
859 1006 966 1049 ornnes.
1025 1062 1030 1071 ι

228 1061 301 1127 Huic
314 1067 380 1130 solis
393 1068 523 1152 luneque
536 1072 626 1146 vices,
637 1081 665 1133 et
677 1011 766 1133 sidera
778 1067 865 1130 noctis

128 1214 133 1221 Ι
224 1142 313 1207 Nesse
323 1146 431 1223 deturn,
445 1152 625 1233 numerisque
638 1151 697 1214 dies
710 1147 908 1232 comprendere
922 1152 1059 1222 eternus,

225 1220 305 1286 Scire
317 1236 464 1309 potestates
480 1230 641 1305 herborum,
653 1239 682 1292 et
694 1229 807 1293 nomine
821 1226 904 1289 robus

225 1301 334 1380 indere,
348 1316 377 1370 et
389 1310 532 1391 ingenium
544 1311 633 1373 varias
650 1330 752 1391 augere
764 1329 813 1390 per
826 1317 914 1369 artes.
1023 1323 1073 1369 tos

222 1382 303 1447 Hunc
317 1388 454 1469 potiorem
467 1411 555 1453 unum
568 1391 674 1455 cunctis
686 1388 865 1472 spirantibus,
878 1387 927 1449 uui

223 1461 387 1546 Subjectum
400 1471 503 1535 seruire
516 1471 585 1536 Deo.

222 1655 273 1703 lv·
288 1653 434 1702 trisenon
450 1656 491 1703 de
512 1657 547 1703 la
567 1656 767 1703 Providentes
782 1654 923 1717 prounde
938 1664 1000 1715 par·
1016 1651 1077 1700 des

299 1717 455 1765 numme·
468 1718 567 1767 strecs
582 1720 624 1765 de
638 1718 782 1767 l’Ancten
797 1717 993 1801 Testument.

259 1859 352 1931 Quum
364 1859 430 1921 rerd
444 1856 593 1941 AEgyptum
608 1856 819 1937 Chenanaeaque
828 1876 911 1937 regnu
924 1861 1029 1916 teneret

219 1939 283 2003 Dira
297 1940 393 2013 sames,
407 1944 480 2000 totos
494 1944 600 2019 septem
614 1934 753 1997 toleranda
768 1954 928 2017 perennes,

218 2019 395 2083 Praestruitur
414 2018 502 2081 ccrtd¹
514 2016 679 2079 Petriarchis
692 2034 774 2077 cause
788 2013 948 2092 movendis;
1017 2031 1070 2076 200

219 2099 254 2163 Et
267 2100 367 2163 domus
381 2106 508 2163 externos
522 2098 594 2161 inter
605 2094 736 2175 placitura
751 2100 860 2177 paretur
870 2098 892 2167 ³,

221 2185 293 2256 Qum
303 2180 404 2245 blande
419 2178 508 2243 foreat
517 2176 619 2321 populi
630 2180 801 2238 incrementa
816 2173 903 2237 futuri

220 2261 336 2343 Mystico
352 2262 420 2325 dum
432 2260 516 2343 Josep
552 2256 713 2341 prodentem
727 2255 837 2317 somnia
855 2254 950 2317 fratres

220 2339 251 2399 in
264 2362 374 2402 sermm
388 2342 511 2403 vendunt
524 2338 624 2421 pretio,
634 2336 786 2419 falluntque
795 2329 956 2419 parentem

218 2416 293 2477 Dum
307 2423 370 2479 rex*
381 2420 490 2480 obscuri
504 2426 612 2479 narrato
624 2418 770 2501 aenigmate
784 2416 887 2493 somni,
1018 2432 1067 2477 205

217 2494 384 2577 Exemptum
397 2504 488 2557 vatem
501 2495 629 2576 dignetur
641 2498 748 2559 honore
761 2495 884 2557 secundo
891 2513 901 2573 3

214 2573 343 2656 Dumque
377 2576 409 2637 iis
423 2574 546 2636 traducta
557 2575 628 2637 dolis
638 2580 649 2615 ⁸
661 2576 775 2637 IIebrsea
784 2575 927 2655 juventus,

216 2653 323 2717 Gaudet
337 2597 479 2717 adoratum
491 2654 572 2716 venit
587 2676 753 2738 cognoscere
763 2652 884 2716 fratrem.

251 2812 305 2884 Qui
319 2833 406 2895 quum
419 2814 505 2876 multe
518 2813 613 2877 insons
621 2815 703 2879 ferret
715 2814 799 2889 mnis,
809 2832 903 2877 nonne
914 2821 1064 2894 remotum,

116 3040 186 3109 osup
200 3034 248 3085 elle
265 3048 298 3086 ne
329 3042 373 3087 eut
387 3036 440 3088 dtre
459 3036 569 3102 effliges,
605 3038 1062 3109 amencrlesPatrierchesangypte.

116 3110 251 3161 punrequc
259 3050 341 3170 perde
352 3100 484 3211 Seippneur.
637 3104 649 3133 ⁵
665 3102 823 3152 construisez
836 3118 843 3151 :
858 3121 869 3146 α
880 3104 974 3152 Domus
987 3100 1063 3163 placi-

151 3164 189 3205 ¹«.
221 3161 315 3211 Deudrs
343 3174 389 3211 eon
410 3163 469 3213 dere
496 3162 572 3213 discit
605 3169 664 3215 urea
674 3170 778 3226 peretur
790 3164 858 3213 inter
868 3170 1013 3214 externos.»

114 3223 219 3288 adeptis,
234 3225 274 3274 »il
283 3226 404 3286 apprend
417 3238 495 3287 parce
507 3226 569 3287 qu'it
630 3227 648 3267 .⁴
666 3228 751 3274 «Rex.
764 3242 775 3269 n
790 3226 914 3276 Pharoou.
934 3226 1018 3289 Voyez
1037 3224 1063 3274 le

114 3298 130 3334 e
150 3302 219 3351 recu,
236 3288 251 3336 e
265 3293 378 3350 sempter
398 3300 443 3337 sur
461 3301 489 3337 ce
506 3288 569 3351 qo’it
606 3287 702 3343 Genese,
713 3286 754 3335 ch.
770 3300 819 3334 xrr.

114 3348 167 3399 doit
178 3351 300 3401 receuoir.
635 3352 647 3381 ⁸
666 3370 677 3395 a
692 3348 740 3397 Piis
755 3347 827 3399 ciclis.
846 3368 857 3391 n
874 3349 987 3399 nllnsion
1004 3349 1020 3399 e
1037 3348 1063 3397 le

146 3412 187 3456 ἀ
208 3412 371 3464 Praestruitur
382 3413 460 3475 certe,
478 3429 489 3454 »
508 3416 568 3475 etc„
602 3424 681 3475 coupe
703 3411 820 3473 d'argent
838 3423 888 3471 que
915 3410 1006 3474 ioseph
1031 3410 1062 3469 uc

113 3483 163 3523 unc
173 3487 246 3525 cause
258 3484 296 3527 est
306 3476 465 3527 assuremeut
478 3474 568 3544 prepe-
602 3474 686 3537 placer
700 3473 763 3539 daus
774 3471 798 3521 le
812 3472 895 3522 secde
907 3472 1056 3537 Benjernin5

113 3534 155 3583 ree
172 3536 290 3590 d'evence
311 3552 375 3602 pour
395 3537 459 3590 taire
478 3547 566 3599 venir,
603 3548 678 3598 noyez
689 3536 715 3586 le
726 3532 826 3599 Genese,
838 3533 879 3584 ch.
893 3547 961 3589 rur.
