<?xml version="1.0" encoding="UTF-8"?>
<!DOCTYPE html PUBLIC "-//W3C//DTD XHTML 1.0 Transitional//EN"
    "http://www.w3.org/TR/xhtml1/DTD/xhtml1-transitional.dtd">
<html xmlns="http://www.w3.org/1999/xhtml" xml:lang="en" lang="en">
 <head>
  <title>
</title>
<meta http-equiv="Content-Type" content="text/html;charset=utf-8" />
  <meta name='ocr-system' content='tesseract 3.04.00' />
  <meta name='ocr-capabilities' content='ocr_page ocr_carea ocr_par ocr_line ocrx_word'/>
</head>
<body>
  <div class='ocr_page' id='page_1' title='image "./carminaepoetisc01clgoog_0463.png"; bbox 0 0 2324 3960; ppageno 0'>
   <div class='ocr_carea' id='block_1_1' title="bbox 169 142 813 203">
    <p class='ocr_par' dir='ltr' id='par_1_1' title="bbox 169 142 813 203">
     <span class='ocr_line' id='line_1_1' title="bbox 169 142 813 203; baseline 0.006 -13"><span class='ocrx_word' id='word_1_1' title='bbox 169 155 217 203; x_wconf 76' lang='lat' dir='ltr'>ne</span> <span class='ocrx_word' id='word_1_2' title='bbox 545 142 638 194; x_wconf 71' lang='lat' dir='ltr'>siner</span> <span class='ocrx_word' id='word_1_3' title='bbox 652 142 813 195; x_wconf 75' lang='lat' dir='ltr'>sennenn.</span> 
     </span>
    </p>
   </div>
   <div class='ocr_carea' id='block_1_2' title="bbox 244 240 1159 2050">
    <p class='ocr_par' dir='ltr' id='par_1_2' title="bbox 244 240 1159 2050">
     <span class='ocr_line' id='line_1_2' title="bbox 279 240 974 314; baseline -0.006 -9"><span class='ocrx_word' id='word_1_4' title='bbox 279 244 458 305; x_wconf 81' lang='lat' dir='ltr'>Gemeimnrio</span> <span class='ocrx_word' id='word_1_5' title='bbox 789 240 881 314; x_wconf 79' lang='lat' dir='ltr'>Cujus</span> <span class='ocrx_word' id='word_1_6' title='bbox 898 259 974 301; x_wconf 84' lang='lat' dir='ltr'>eure</span> 
     </span>
     <span class='ocr_line' id='line_1_3' title="bbox 279 313 986 385; baseline -0.004 -10"><span class='ocrx_word' id='word_1_7' title='bbox 279 316 458 375; x_wconf 80' lang='lat' dir='ltr'>Cordeinndo</span> <span class='ocrx_word' id='word_1_8' title='bbox 503 342 508 351; x_wconf 91' lang='lat'><strong>·</strong></span> <span class='ocrx_word' id='word_1_9' title='bbox 789 313 986 385; x_wconf 81' lang='lat' dir='ltr'>Gignitdura</span> 
     </span>
     <span class='ocr_line' id='line_1_4' title="bbox 244 383 1051 461; baseline -0.009 -11"><span class='ocrx_word' id='word_1_10' title='bbox 244 384 582 461; x_wconf 75' lang='lat' dir='ltr'>Adte1rreees‚iiomine;</span> <span class='ocrx_word' id='word_1_11' title='bbox 753 383 1051 460; x_wconf 75' lang='lat' dir='ltr'>iiiserissuppiieie?</span> 
     </span>
     <span class='ocr_line' id='line_1_5' title="bbox 279 458 499 532; baseline -0.027 -15"><span class='ocrx_word' id='word_1_12' title='bbox 279 463 400 532; x_wconf 76' lang='lat' dir='ltr'>Namque</span> <span class='ocrx_word' id='word_1_13' title='bbox 413 458 499 531; x_wconf 76' lang='lat' dir='ltr'>grani,</span> 
     </span>
     <span class='ocr_line' id='line_1_6' title="bbox 281 529 1015 601; baseline 0.001 -14"><span class='ocrx_word' id='word_1_14' title='bbox 281 532 366 601; x_wconf 79' lang='lat' dir='ltr'>Quem</span> <span class='ocrx_word' id='word_1_15' title='bbox 379 529 477 601; x_wconf 77' lang='lat' dir='ltr'>parmi,</span> <span class='ocrx_word' id='word_1_16' title='bbox 789 538 882 594; x_wconf 80' lang='lat' dir='ltr'>Parce</span> <span class='ocrx_word' id='word_1_17' title='bbox 899 537 988 595; x_wconf 74' lang='lat' dir='ltr'>flenti</span> <span class='ocrx_word' id='word_1_18' title='bbox 1002 540 1015 575; x_wconf 83' lang='lat'>⁸</span> 
     </span>
     <span class='ocr_line' id='line_1_7' title="bbox 245 598 971 679; baseline -0.007 -17"><span class='ocrx_word' id='word_1_19' title='bbox 245 606 358 662; x_wconf 87' lang='lat' dir='ltr'>Premor</span> <span class='ocrx_word' id='word_1_20' title='bbox 370 600 448 657; x_wconf 75' lang='lat' dir='ltr'>vaide</span> <span class='ocrx_word' id='word_1_21' title='bbox 463 598 580 656; x_wconf 68' lang='lat' dir='ltr'>sarcini-</span> <span class='ocrx_word' id='word_1_22' title='bbox 791 610 826 664; x_wconf 79' lang='lat' dir='ltr'>Et</span> <span class='ocrx_word' id='word_1_23' title='bbox 840 608 971 679; x_wconf 66' lang='lat' dir='ltr'>dolonn,</span> 
     </span>
     <span class='ocr_line' id='line_1_8' title="bbox 752 680 1123 751; baseline 0 -13"><span class='ocrx_word' id='word_1_24' title='bbox 752 683 873 738; x_wconf 87' lang='lat' dir='ltr'>Summe</span> <span class='ocrx_word' id='word_1_25' title='bbox 889 697 996 738; x_wconf 89' lang='lat' dir='ltr'>rernm</span> <span class='ocrx_word' id='word_1_26' title='bbox 1012 680 1123 751; x_wconf 72' lang='lat' dir='ltr'>arbiter,</span> 
     </span>
     <span class='ocr_line' id='line_1_9' title="bbox 281 751 1017 821; baseline -0.005 -8"><span class='ocrx_word' id='word_1_27' title='bbox 281 756 361 813; x_wconf 83' lang='lat' dir='ltr'>Solve</span> <span class='ocrx_word' id='word_1_28' title='bbox 373 754 468 821; x_wconf 75' lang='lat' dir='ltr'>melre,</span> <span class='ocrx_word' id='word_1_29' title='bbox 790 751 861 807; x_wconf 85' lang='lat' dir='ltr'>Nam</span> <span class='ocrx_word' id='word_1_30' title='bbox 875 752 1017 809; x_wconf 82' lang='lat' dir='ltr'>mandata</span> 
     </span>
     <span class='ocr_line' id='line_1_10' title="bbox 283 822 965 893; baseline -0.003 -10"><span class='ocrx_word' id='word_1_31' title='bbox 283 828 359 883; x_wconf 87' lang='lat' dir='ltr'>Sicut</span> <span class='ocrx_word' id='word_1_32' title='bbox 371 827 453 893; x_wconf 91' lang='lat' dir='ltr'>soles,</span> <span class='ocrx_word' id='word_1_33' title='bbox 789 822 845 877; x_wconf 89' lang='lat' dir='ltr'>Per</span> <span class='ocrx_word' id='word_1_34' title='bbox 855 830 883 878; x_wconf 87' lang='lat' dir='ltr'>te</span> <span class='ocrx_word' id='word_1_35' title='bbox 892 822 965 881; x_wconf 80' lang='lat' dir='ltr'>dete</span> 
     </span>
     <span class='ocr_line' id='line_1_11' title="bbox 248 893 1159 968; baseline -0.003 -15"><span class='ocrx_word' id='word_1_36' title='bbox 248 897 372 967; x_wconf 81' lang='lat' dir='ltr'>Quihns¹</span> <span class='ocrx_word' id='word_1_37' title='bbox 391 911 500 968; x_wconf 84' lang='lat' dir='ltr'>pressus</span> <span class='ocrx_word' id='word_1_38' title='bbox 511 893 601 966; x_wconf 82' lang='lat' dir='ltr'>jaceo,</span> <span class='ocrx_word' id='word_1_39' title='bbox 755 893 822 951; x_wconf 86' lang='lat' dir='ltr'>Sum</span> <span class='ocrx_word' id='word_1_40' title='bbox 831 900 1039 967; x_wconf 84' lang='lat' dir='ltr'>transgressus</span> <span class='ocrx_word' id='word_1_41' title='bbox 1048 893 1159 968; x_wconf 82' lang='lat' dir='ltr'>nequiter</span> 
     </span>
     <span class='ocr_line' id='line_1_12' title="bbox 284 971 425 1025; baseline -0.028 0"><span class='ocrx_word' id='word_1_42' title='bbox 284 971 425 1025; x_wconf 83' lang='lat' dir='ltr'>Etexensn</span> 
     </span>
     <span class='ocr_line' id='line_1_13' title="bbox 284 1038 943 1108; baseline 0.012 -13"><span class='ocrx_word' id='word_1_43' title='bbox 284 1039 373 1108; x_wconf 80' lang='lat' dir='ltr'>Quod,</span> <span class='ocrx_word' id='word_1_44' title='bbox 384 1038 495 1093; x_wconf 80' lang='lat' dir='ltr'>confusi</span> <span class='ocrx_word' id='word_1_45' title='bbox 791 1044 943 1103; x_wconf 86' lang='lat' dir='ltr'>Erubesce</span> 
     </span>
     <span class='ocr_line' id='line_1_14' title="bbox 249 1107 963 1179; baseline 0.008 -11"><span class='ocrx_word' id='word_1_46' title='bbox 249 1113 350 1179; x_wconf 77' lang='lat' dir='ltr'>Mente,</span> <span class='ocrx_word' id='word_1_47' title='bbox 365 1110 464 1165; x_wconf 75' lang='lat' dir='ltr'>[netum</span> <span class='ocrx_word' id='word_1_48' title='bbox 478 1107 566 1164; x_wconf 84' lang='lat' dir='ltr'>doleo.</span> <span class='ocrx_word' id='word_1_49' title='bbox 792 1118 826 1172; x_wconf 88' lang='lat' dir='ltr'>Et</span> <span class='ocrx_word' id='word_1_50' title='bbox 837 1117 963 1174; x_wconf 79' lang='lat' dir='ltr'><strong>tabesco</strong></span> 
     </span>
     <span class='ocr_line' id='line_1_15' title="bbox 713 1188 1101 1260; baseline 0.013 -18"><span class='ocrx_word' id='word_1_51' title='bbox 713 1214 716 1219; x_wconf 95' lang='lat'>·</span> <span class='ocrx_word' id='word_1_52' title='bbox 758 1188 843 1243; x_wconf 84' lang='lat' dir='ltr'>Tuam</span> <span class='ocrx_word' id='word_1_53' title='bbox 862 1188 974 1246; x_wconf 82' lang='lat' dir='ltr'>timens</span> <span class='ocrx_word' id='word_1_54' title='bbox 988 1189 1101 1260; x_wconf 80' lang='lat' dir='ltr'>faeiem,</span> 
     </span>
     <span class='ocr_line' id='line_1_16' title="bbox 287 1260 1021 1333; baseline 0.003 -15"><span class='ocrx_word' id='word_1_55' title='bbox 287 1262 373 1318; x_wconf 83' lang='lat' dir='ltr'>Dolor</span> <span class='ocrx_word' id='word_1_56' title='bbox 384 1260 479 1333; x_wconf 78' lang='lat' dir='ltr'>ingens</span> <span class='ocrx_word' id='word_1_57' title='bbox 792 1260 865 1313; x_wconf 80' lang='lat' dir='ltr'>num</span> <span class='ocrx_word' id='word_1_58' title='bbox 880 1275 1021 1319; x_wconf 87' lang='lat' dir='ltr'>meorum</span> 
     </span>
     <span class='ocr_line' id='line_1_17' title="bbox 286 1328 973 1401; baseline -0.004 -11"><span class='ocrx_word' id='word_1_59' title='bbox 286 1335 327 1390; x_wconf 82' lang='lat' dir='ltr'>ile</span> <span class='ocrx_word' id='word_1_60' title='bbox 346 1330 534 1401; x_wconf 75' lang='lat' dir='ltr'>constringens</span> <span class='ocrx_word' id='word_1_61' title='bbox 791 1328 973 1388; x_wconf 88' lang='lat' dir='ltr'>Delietornm</span> 
     </span>
     <span class='ocr_line' id='line_1_18' title="bbox 252 1401 1103 1478; baseline 0.002 -16"><span class='ocrx_word' id='word_1_62' title='bbox 252 1403 433 1463; x_wconf 76' lang='lat' dir='ltr'>Vehementer</span> <span class='ocrx_word' id='word_1_63' title='bbox 447 1401 561 1466; x_wconf 84' lang='lat' dir='ltr'>cruciet,</span> <span class='ocrx_word' id='word_1_64' title='bbox 757 1401 904 1474; x_wconf 78' lang='lat' dir='ltr'>Perpenno</span> <span class='ocrx_word' id='word_1_65' title='bbox 918 1406 1103 1478; x_wconf 80' lang='lat' dir='ltr'>congeriem.</span> 
     </span>
     <span class='ocr_line' id='line_1_19' title="bbox 287 1474 474 1547; baseline -0.021 -15"><span class='ocrx_word' id='word_1_66' title='bbox 287 1474 474 1547; x_wconf 82' lang='lat' dir='ltr'>Cnipaeteinm</span> 
     </span>
     <span class='ocr_line' id='line_1_20' title="bbox 287 1543 1012 1624; baseline 0.017 -23"><span class='ocrx_word' id='word_1_67' title='bbox 287 1545 340 1601; x_wconf 87' lang='lat' dir='ltr'>Cor</span> <span class='ocrx_word' id='word_1_68' title='bbox 349 1543 485 1624; x_wconf 84' lang='lat' dir='ltr'>anhelum</span> <span class='ocrx_word' id='word_1_69' title='bbox 795 1551 897 1622; x_wconf 79' lang='lat' dir='ltr'>Ingens</span> <span class='ocrx_word' id='word_1_70' title='bbox 911 1562 1012 1612; x_wconf 90' lang='lat' dir='ltr'>metus</span> 
     </span>
     <span class='ocr_line' id='line_1_21' title="bbox 252 1614 988 1693; baseline 0.011 -20"><span class='ocrx_word' id='word_1_71' title='bbox 252 1616 390 1688; x_wconf 85' lang='lat' dir='ltr'>Siquidem</span> <span class='ocrx_word' id='word_1_72' title='bbox 404 1614 526 1670; x_wconf 82' lang='lat' dir='ltr'>dilaniet.</span> <span class='ocrx_word' id='word_1_73' title='bbox 795 1625 885 1693; x_wconf 80' lang='lat' dir='ltr'>Atque</span> <span class='ocrx_word' id='word_1_74' title='bbox 898 1622 988 1682; x_wconf 81' lang='lat' dir='ltr'>ssetns</span> 
     </span>
     <span class='ocr_line' id='line_1_22' title="bbox 761 1693 1103 1769; baseline 0.02 -21"><span class='ocrx_word' id='word_1_75' title='bbox 761 1694 846 1749; x_wconf 84' lang='lat' dir='ltr'>iiearn</span> <span class='ocrx_word' id='word_1_76' title='bbox 857 1693 953 1752; x_wconf 84' lang='lat' dir='ltr'>turbet</span> <span class='ocrx_word' id='word_1_77' title='bbox 967 1696 1103 1769; x_wconf 86' lang='lat' dir='ltr'>enimam,</span> 
     </span>
     <span class='ocr_line' id='line_1_23' title="bbox 289 1761 1014 1847; baseline 0.004 -25"><span class='ocrx_word' id='word_1_78' title='bbox 289 1765 312 1822; x_wconf 89' lang='lat'>0</span> <span class='ocrx_word' id='word_1_79' title='bbox 325 1778 406 1847; x_wconf 82' lang='lat' dir='ltr'>quern</span> <span class='ocrx_word' id='word_1_80' title='bbox 419 1761 492 1843; x_wconf 84' lang='lat' dir='ltr'>previ</span> <span class='ocrx_word' id='word_1_81' title='bbox 796 1765 881 1821; x_wconf 82' lang='lat' dir='ltr'>Paret</span> <span class='ocrx_word' id='word_1_82' title='bbox 895 1781 1014 1837; x_wconf 89' lang='lat' dir='ltr'>sensns,</span> 
     </span>
     <span class='ocr_line' id='line_1_24' title="bbox 290 1837 1038 1909; baseline 0.003 -15"><span class='ocrx_word' id='word_1_83' title='bbox 290 1837 428 1906; x_wconf 75' lang='lat' dir='ltr'>Etrgnnvr</span> <span class='ocrx_word' id='word_1_84' title='bbox 796 1837 866 1891; x_wconf 88' lang='lat' dir='ltr'>Dum</span> <span class='ocrx_word' id='word_1_85' title='bbox 877 1852 1038 1909; x_wconf 85' lang='lat' dir='ltr'>suspensus</span> 
     </span>
     <span class='ocr_line' id='line_1_25' title="bbox 255 1903 1129 1979; baseline 0.001 -13"><span class='ocrx_word' id='word_1_86' title='bbox 255 1909 323 1966; x_wconf 85' lang='lat' dir='ltr'>Sunt</span> <span class='ocrx_word' id='word_1_87' title='bbox 333 1905 380 1979; x_wconf 88' lang='lat' dir='ltr'>qui</span> <span class='ocrx_word' id='word_1_88' title='bbox 393 1904 524 1961; x_wconf 84' lang='lat' dir='ltr'>mnndum</span> <span class='ocrx_word' id='word_1_89' title='bbox 537 1903 670 1978; x_wconf 80' lang='lat' dir='ltr'>diligunt!</span> <span class='ocrx_word' id='word_1_90' title='bbox 761 1908 861 1965; x_wconf 84' lang='lat' dir='ltr'>Horam</span> <span class='ocrx_word' id='word_1_91' title='bbox 876 1916 982 1978; x_wconf 84' lang='lat' dir='ltr'>penset</span> <span class='ocrx_word' id='word_1_92' title='bbox 996 1911 1129 1969; x_wconf 84' lang='lat' dir='ltr'>ultimam.</span> 
     </span>
     <span class='ocr_line' id='line_1_26' title="bbox 291 1975 535 2050; baseline -0.008 -14"><span class='ocrx_word' id='word_1_93' title='bbox 291 1981 351 2036; x_wconf 91' lang='lat' dir='ltr'>Non</span> <span class='ocrx_word' id='word_1_94' title='bbox 361 1975 535 2050; x_wconf 78' lang='lat' dir='ltr'>ntiendnni²‚</span> 
     </span>
    </p>
   </div>
   <div class='ocr_carea' id='block_1_3' title="bbox 256 2048 1102 2995">
    <p class='ocr_par' dir='ltr' id='par_1_3' title="bbox 256 2048 1102 2995">
     <span class='ocr_line' id='line_1_27' title="bbox 292 2048 1016 2125; baseline 0.014 -17"><span class='ocrx_word' id='word_1_95' title='bbox 292 2051 342 2108; x_wconf 91' lang='lat' dir='ltr'>Cui</span> <span class='ocrx_word' id='word_1_96' title='bbox 357 2048 479 2105; x_wconf 88' lang='lat' dir='ltr'>vendunt</span> <span class='ocrx_word' id='word_1_97' title='bbox 799 2058 865 2125; x_wconf 82' lang='lat' dir='ltr'>Quis</span> <span class='ocrx_word' id='word_1_98' title='bbox 878 2058 1016 2118; x_wconf 78' lang='lat' dir='ltr'>futurus⁴</span> 
     </span>
     <span class='ocr_line' id='line_1_28' title="bbox 256 2119 979 2197; baseline 0.01 -16"><span class='ocrx_word' id='word_1_99' title='bbox 256 2123 304 2196; x_wconf 85' lang='lat' dir='ltr'>Se,</span> <span class='ocrx_word' id='word_1_100' title='bbox 313 2123 361 2197; x_wconf 88' lang='lat' dir='ltr'>qui</span> <span class='ocrx_word' id='word_1_101' title='bbox 373 2124 459 2179; x_wconf 88' lang='lat' dir='ltr'>Deum</span> <span class='ocrx_word' id='word_1_102' title='bbox 472 2119 622 2194; x_wconf 77' lang='lat' dir='ltr'>negligunt.</span> <span class='ocrx_word' id='word_1_103' title='bbox 799 2132 848 2185; x_wconf 82' lang='lat' dir='ltr'>Est</span> <span class='ocrx_word' id='word_1_104' title='bbox 860 2146 979 2189; x_wconf 87' lang='lat' dir='ltr'>seenrus</span> 
     </span>
     <span class='ocr_line' id='line_1_29' title="bbox 413 2199 1015 2273; baseline 0.012 -19"><span class='ocrx_word' id='word_1_105' title='bbox 413 2212 417 2219; x_wconf 89' lang='lat'>·</span> <span class='ocrx_word' id='word_1_106' title='bbox 765 2201 794 2256; x_wconf 91' lang='lat' dir='ltr'>ln</span> <span class='ocrx_word' id='word_1_107' title='bbox 808 2199 854 2257; x_wconf 88' lang='lat' dir='ltr'>iiio</span> <span class='ocrx_word' id='word_1_108' title='bbox 870 2203 1015 2273; x_wconf 87' lang='lat' dir='ltr'>examine,</span> 
     </span>
     <span class='ocr_line' id='line_1_30' title="bbox 293 2271 1042 2345; baseline 0.004 -15"><span class='ocrx_word' id='word_1_109' title='bbox 293 2275 362 2331; x_wconf 80' lang='lat' dir='ltr'>Vere</span> <span class='ocrx_word' id='word_1_110' title='bbox 372 2288 461 2331; x_wconf 83' lang='lat' dir='ltr'>eaecns</span> <span class='ocrx_word' id='word_1_111' title='bbox 802 2271 915 2339; x_wconf 82' lang='lat' dir='ltr'>Quando</span> <span class='ocrx_word' id='word_1_112' title='bbox 929 2281 1042 2345; x_wconf 85' lang='lat' dir='ltr'>petent.</span> 
     </span>
     <span class='ocr_line' id='line_1_31' title="bbox 292 2343 1070 2418; baseline 0.013 -23"><span class='ocrx_word' id='word_1_113' title='bbox 292 2347 327 2402; x_wconf 86' lang='lat' dir='ltr'>Et</span> <span class='ocrx_word' id='word_1_114' title='bbox 337 2352 367 2401; x_wconf 91' lang='lat' dir='ltr'>ut</span> <span class='ocrx_word' id='word_1_115' title='bbox 380 2362 464 2417; x_wconf 82' lang='lat' dir='ltr'>pecus</span> <span class='ocrx_word' id='word_1_116' title='bbox 799 2343 867 2410; x_wconf 81' lang='lat' dir='ltr'>Quae</span> <span class='ocrx_word' id='word_1_117' title='bbox 878 2359 953 2400; x_wconf 82' lang='lat' dir='ltr'>nune</span> <span class='ocrx_word' id='word_1_118' title='bbox 967 2346 1070 2418; x_wconf 76' lang='lat' dir='ltr'>latent,</span> 
     </span>
     <span class='ocr_line' id='line_1_32' title="bbox 259 2415 1053 2556; baseline 0.004 -82"><span class='ocrx_word' id='word_1_119' title='bbox 259 2417 555 2556; x_wconf 49' lang='lat' dir='ltr'>Exssersesitscierirttim</span> <span class='ocrx_word' id='word_1_120' title='bbox 764 2415 1053 2490; x_wconf 68' lang='lat' dir='ltr'>Arguentelnminei,</span> 
     </span>
     <span class='ocr_line' id='line_1_33' title="bbox 294 2504 985 2637; baseline 0.012 -23"><span class='ocrx_word' id='word_1_121' title='bbox 294 2504 549 2632; x_wconf 43' lang='lat' dir='ltr'>chfflgnossichoetat</span> <span class='ocrx_word' id='word_1_122' title='bbox 802 2565 861 2632; x_wconf 82' lang='lat' dir='ltr'>Quo</span> <span class='ocrx_word' id='word_1_123' title='bbox 876 2565 985 2637; x_wconf 87' lang='lat' dir='ltr'>dolore,</span> 
     </span>
     <span class='ocr_line' id='line_1_34' title="bbox 258 2630 991 2704; baseline 0.014 -18"><span class='ocrx_word' id='word_1_124' title='bbox 258 2632 288 2686; x_wconf 89' lang='lat' dir='ltr'>in</span> <span class='ocrx_word' id='word_1_125' title='bbox 301 2631 369 2687; x_wconf 83' lang='lat' dir='ltr'>velie</span> <span class='ocrx_word' id='word_1_126' title='bbox 383 2630 513 2688; x_wconf 76' lang='lat' dir='ltr'>miserie!</span> <span class='ocrx_word' id='word_1_127' title='bbox 801 2637 860 2704; x_wconf 81' lang='lat' dir='ltr'>Quo</span> <span class='ocrx_word' id='word_1_128' title='bbox 870 2653 991 2696; x_wconf 63' lang='lat' dir='ltr'>moerore</span> 
     </span>
     <span class='ocr_line' id='line_1_35' title="bbox 767 2708 1091 2785; baseline 0.025 -22"><span class='ocrx_word' id='word_1_129' title='bbox 767 2708 963 2778; x_wconf 75' lang='lat' dir='ltr'>[inprimuntur</span> <span class='ocrx_word' id='word_1_130' title='bbox 978 2712 1091 2785; x_wconf 87' lang='lat' dir='ltr'>miseri,</span> 
     </span>
     <span class='ocr_line' id='line_1_36' title="bbox 293 2778 975 2850; baseline 0 -14"><span class='ocrx_word' id='word_1_131' title='bbox 293 2782 360 2836; x_wconf 87' lang='lat' dir='ltr'>Nam</span> <span class='ocrx_word' id='word_1_132' title='bbox 373 2794 452 2850; x_wconf 87' lang='lat' dir='ltr'>quern</span> <span class='ocrx_word' id='word_1_133' title='bbox 464 2778 592 2843; x_wconf 79' lang='lat' dir='ltr'>fructum,</span> <span class='ocrx_word' id='word_1_134' title='bbox 806 2779 858 2846; x_wconf 81' lang='lat' dir='ltr'>Qui</span> <span class='ocrx_word' id='word_1_135' title='bbox 872 2779 975 2850; x_wconf 80' lang='lat' dir='ltr'>abyssis</span> 
     </span>
     <span class='ocr_line' id='line_1_37' title="bbox 292 2850 1024 2916; baseline 0.004 -10"><span class='ocrx_word' id='word_1_136' title='bbox 292 2851 353 2907; x_wconf 88' lang='lat' dir='ltr'>Nisi</span> <span class='ocrx_word' id='word_1_137' title='bbox 369 2850 482 2916; x_wconf 82' lang='lat' dir='ltr'>luctum,</span> <span class='ocrx_word' id='word_1_138' title='bbox 803 2851 856 2905; x_wconf 88' lang='lat' dir='ltr'>Pro</span> <span class='ocrx_word' id='word_1_139' title='bbox 866 2852 1024 2910; x_wconf 86' lang='lat' dir='ltr'>commissis</span> 
     </span>
     <span class='ocr_line' id='line_1_38' title="bbox 259 2918 1102 2995; baseline 0.007 -15"><span class='ocrx_word' id='word_1_140' title='bbox 259 2925 392 2980; x_wconf 82' lang='lat' dir='ltr'>Praestani</span> <span class='ocrx_word' id='word_1_141' title='bbox 406 2918 500 2977; x_wconf 88' lang='lat' dir='ltr'>mundi</span> <span class='ocrx_word' id='word_1_142' title='bbox 510 2918 619 2993; x_wconf 79' lang='lat' dir='ltr'>gaudie,</span> <span class='ocrx_word' id='word_1_143' title='bbox 769 2920 985 2995; x_wconf 77' lang='lat' dir='ltr'>submergentur</span> <span class='ocrx_word' id='word_1_144' title='bbox 998 2924 1102 2986; x_wconf 81' lang='lat' dir='ltr'>inseri!</span> 
     </span>
    </p>
   </div>
   <div class='ocr_carea' id='block_1_4' title="bbox 188 3159 1140 3600">
    <p class='ocr_par' dir='ltr' id='par_1_4' title="bbox 188 3159 1138 3284">
     <span class='ocr_line' id='line_1_39' title="bbox 223 3159 1137 3269; baseline 0.009 -58"><span class='ocrx_word' id='word_1_145' title='bbox 223 3165 230 3197; x_wconf 79' lang='lat'><strong>¹</strong></span> <span class='ocrx_word' id='word_1_146' title='bbox 252 3164 395 3226; x_wconf 71' lang='lat' dir='ltr'>«Quibus»</span> <span class='ocrx_word' id='word_1_147' title='bbox 406 3159 561 3211; x_wconf 72' lang='lat' dir='ltr'>Antecedent</span> <span class='ocrx_word' id='word_1_148' title='bbox 572 3172 645 3210; x_wconf 80' lang='lat' dir='ltr'>«mo-</span> <span class='ocrx_word' id='word_1_149' title='bbox 667 3160 728 3210; x_wconf 81' lang='lat' dir='ltr'>elles</span> <span class='ocrx_word' id='word_1_150' title='bbox 744 3159 884 3269; x_wconf 54' lang='lat' dir='ltr'>reppellent</span> <span class='ocrx_word' id='word_1_151' title='bbox 900 3160 923 3210; x_wconf 90' lang='lat' dir='ltr'>le</span> <span class='ocrx_word' id='word_1_152' title='bbox 943 3162 1003 3212; x_wconf 80' lang='lat' dir='ltr'>Dies</span> <span class='ocrx_word' id='word_1_153' title='bbox 1017 3166 1072 3216; x_wconf 74' lang='lat' dir='ltr'>irre</span> <span class='ocrx_word' id='word_1_154' title='bbox 1091 3182 1137 3233; x_wconf 88' lang='lat' dir='ltr'>par</span> 
     </span>
     <span class='ocr_line' id='line_1_40' title="bbox 188 3222 1138 3284; baseline 0.008 -11"><span class='ocrx_word' id='word_1_155' title='bbox 188 3230 234 3281; x_wconf 73' lang='lat' dir='ltr'>les.</span> <span class='ocrx_word' id='word_1_156' title='bbox 249 3247 260 3273; x_wconf 72' lang='grc' dir='ltr'>ι</span> <span class='ocrx_word' id='word_1_157' title='bbox 668 3222 693 3271; x_wconf 90' lang='lat' dir='ltr'>le</span> <span class='ocrx_word' id='word_1_158' title='bbox 704 3223 770 3272; x_wconf 83' lang='lat' dir='ltr'>soree</span> <span class='ocrx_word' id='word_1_159' title='bbox 781 3236 788 3270; x_wconf 77' lang='lat' dir='ltr'>e</span> <span class='ocrx_word' id='word_1_160' title='bbox 799 3236 824 3271; x_wconf 86' lang='lat' dir='ltr'>es</span> <span class='ocrx_word' id='word_1_161' title='bbox 832 3223 990 3284; x_wconf 73' lang='lat' dir='ltr'>expressions</span> <span class='ocrx_word' id='word_1_162' title='bbox 999 3233 1027 3277; x_wconf 84' lang='lat' dir='ltr'>et</span> <span class='ocrx_word' id='word_1_163' title='bbox 1043 3230 1138 3281; x_wconf 79' lang='lat' dir='ltr'>i&#39;ener·</span> 
     </span>
    </p>

    <p class='ocr_par' dir='ltr' id='par_1_5' title="bbox 190 3284 1139 3419">
     <span class='ocr_line' id='line_1_41' title="bbox 221 3284 1139 3349; baseline 0.009 -13"><span class='ocrx_word' id='word_1_164' title='bbox 221 3294 233 3323; x_wconf 75' lang='lat'>²</span> <span class='ocrx_word' id='word_1_165' title='bbox 250 3290 325 3340; x_wconf 82' lang='lat' dir='ltr'>«Non</span> <span class='ocrx_word' id='word_1_166' title='bbox 337 3285 499 3343; x_wconf 57' lang='lat' dir='ltr'>attentione»</span> <span class='ocrx_word' id='word_1_167' title='bbox 519 3297 551 3334; x_wconf 88' lang='lat' dir='ltr'>ne</span> <span class='ocrx_word' id='word_1_168' title='bbox 562 3284 647 3334; x_wconf 81' lang='lat' dir='ltr'>roient</span> <span class='ocrx_word' id='word_1_169' title='bbox 670 3286 711 3349; x_wconf 80' lang='lat' dir='ltr'>gie</span> <span class='ocrx_word' id='word_1_170' title='bbox 723 3286 766 3334; x_wconf 88' lang='lat' dir='ltr'>des</span> <span class='ocrx_word' id='word_1_171' title='bbox 782 3286 892 3347; x_wconf 66' lang='lat' dir='ltr'>pensons.</span> <span class='ocrx_word' id='word_1_172' title='bbox 909 3287 983 3335; x_wconf 57' lang='lat' dir='ltr'>:iussi</span> <span class='ocrx_word' id='word_1_173' title='bbox 1001 3291 1089 3344; x_wconf 84' lang='lat' dir='ltr'>Dante</span> <span class='ocrx_word' id='word_1_174' title='bbox 1101 3294 1139 3345; x_wconf 88' lang='lat' dir='ltr'>ies</span> 
     </span>
     <span class='ocr_line' id='line_1_42' title="bbox 190 3349 1019 3419; baseline -0.004 -15"><span class='ocrx_word' id='word_1_175' title='bbox 190 3368 243 3419; x_wconf 83' lang='lat' dir='ltr'>pes,</span> <span class='ocrx_word' id='word_1_176' title='bbox 253 3367 285 3404; x_wconf 89' lang='lat' dir='ltr'>ne</span> <span class='ocrx_word' id='word_1_177' title='bbox 298 3351 455 3403; x_wconf 78' lang='lat' dir='ltr'>considerent</span> <span class='ocrx_word' id='word_1_178' title='bbox 466 3361 520 3410; x_wconf 78' lang='lat' dir='ltr'>prs.</span> <span class='ocrx_word' id='word_1_179' title='bbox 669 3349 879 3398; x_wconf 82' lang='lat' dir='ltr'>ecerminement</span> <span class='ocrx_word' id='word_1_180' title='bbox 895 3361 1019 3401; x_wconf 84' lang='lat' dir='ltr'>eonnoes.</span> 
     </span>
    </p>

    <p class='ocr_par' dir='ltr' id='par_1_6' title="bbox 191 3409 1140 3600">
     <span class='ocr_line' id='line_1_43' title="bbox 222 3409 1140 3485; baseline -0.001 -24"><span class='ocrx_word' id='word_1_181' title='bbox 222 3420 234 3449; x_wconf 74' lang='lat'><strong>³</strong></span> <span class='ocrx_word' id='word_1_182' title='bbox 252 3436 263 3461; x_wconf 76' lang='grc' dir='ltr'>ι</span> <span class='ocrx_word' id='word_1_183' title='bbox 277 3418 351 3465; x_wconf 85' lang='lat' dir='ltr'>Parce</span> <span class='ocrx_word' id='word_1_184' title='bbox 367 3411 439 3462; x_wconf 74' lang='lat' dir='ltr'>flenti</span> <span class='ocrx_word' id='word_1_185' title='bbox 447 3448 455 3473; x_wconf 92' lang='lat'><em>‚</em></span> <span class='ocrx_word' id='word_1_186' title='bbox 467 3418 539 3460; x_wconf 77' lang='lat' dir='ltr'>ete.»</span> <span class='ocrx_word' id='word_1_187' title='bbox 554 3409 644 3459; x_wconf 76' lang='lat' dir='ltr'>Termes</span> <span class='ocrx_word' id='word_1_188' title='bbox 698 3412 709 3441; x_wconf 87' lang='lat'>⁴</span> <span class='ocrx_word' id='word_1_189' title='bbox 728 3410 810 3469; x_wconf 81' lang='lat' dir='ltr'>«Quis</span> <span class='ocrx_word' id='word_1_190' title='bbox 820 3409 930 3469; x_wconf 76' lang='lat' dir='ltr'>foturus,</span> <span class='ocrx_word' id='word_1_191' title='bbox 939 3418 988 3461; x_wconf 81' lang='lat' dir='ltr'>ete.</span> <span class='ocrx_word' id='word_1_192' title='bbox 1001 3433 1014 3457; x_wconf 73' lang='grc' dir='ltr'><strong><em>ι</em></strong></span> <span class='ocrx_word' id='word_1_193' title='bbox 1028 3414 1140 3485; x_wconf 69' lang='lat' dir='ltr'>compa.</span> 
     </span>
     <span class='ocr_line' id='line_1_44' title="bbox 196 3472 1140 3541; baseline 0.004 -11"><span class='ocrx_word' id='word_1_194' title='bbox 196 3482 232 3531; x_wconf 86' lang='lat' dir='ltr'>los</span> <span class='ocrx_word' id='word_1_195' title='bbox 241 3479 356 3541; x_wconf 70' lang='lat' dir='ltr'>stropires</span> <span class='ocrx_word' id='word_1_196' title='bbox 367 3474 495 3525; x_wconf 86' lang='lat' dir='ltr'>snirnntes</span> <span class='ocrx_word' id='word_1_197' title='bbox 509 3479 567 3523; x_wconf 83' lang='lat' dir='ltr'>sont</span> <span class='ocrx_word' id='word_1_198' title='bbox 582 3472 644 3523; x_wconf 75' lang='lat' dir='ltr'>elei·</span> <span class='ocrx_word' id='word_1_199' title='bbox 667 3486 709 3522; x_wconf 78' lang='lat' dir='ltr'>ree</span> <span class='ocrx_word' id='word_1_200' title='bbox 720 3473 957 3534; x_wconf 71' lang='lat' dir='ltr'>cettestropireavee</span> <span class='ocrx_word' id='word_1_201' title='bbox 966 3473 1140 3537; x_wconf 75' lang='lat' dir='ltr'>indeuxieme</span> 
     </span>
     <span class='ocr_line' id='line_1_45' title="bbox 191 3534 1138 3600; baseline 0.006 -11"><span class='ocrx_word' id='word_1_202' title='bbox 191 3557 235 3597; x_wconf 74' lang='lat' dir='ltr'>nos</span> <span class='ocrx_word' id='word_1_203' title='bbox 255 3543 285 3591; x_wconf 81' lang='lat' dir='ltr'>dr,</span> <span class='ocrx_word' id='word_1_204' title='bbox 306 3542 469 3588; x_wconf 71' lang='lat' dir='ltr'>innox-renent</span> <span class='ocrx_word' id='word_1_205' title='bbox 487 3543 513 3587; x_wconf 76' lang='lat' dir='ltr'>et</span> <span class='ocrx_word' id='word_1_206' title='bbox 536 3536 566 3586; x_wconf 84' lang='lat' dir='ltr'>de</span> <span class='ocrx_word' id='word_1_207' title='bbox 585 3534 644 3599; x_wconf 52' lang='grc' dir='ltr'>ἴω</span> <span class='ocrx_word' id='word_1_208' title='bbox 666 3535 1138 3600; x_wconf 64' lang='grc' dir='ltr'>οῖΙειεοριίῐιηιοεῑνορὴεάιιθίεει’να,</span> 
     </span>
    </p>
   </div>
   <div class='ocr_carea' id='block_1_5' title="bbox 0 0 1166 3960">
    <p class='ocr_par' dir='ltr' id='par_1_7' title="bbox 0 0 1166 3960">
     <span class='ocr_line' id='line_1_46' title="bbox 0 0 1166 3960; baseline 0 0"><span class='ocrx_word' id='word_1_209' title='bbox 0 0 1166 3960; x_wconf 95' lang='lat' dir='ltr'> </span> 
     </span>
    </p>
   </div>
  </div>
 </body>
</html>
