2324 3960
9 3752 97 3880 f

106 208 154 255 aab
404 200 529 252 SIDOINE
544 198 762 251 APOLLINAlRE.

205 303 369 384 bosphoreis
379 302 490 384 elephas
504 302 637 384 inglorius
650 321 697 363 ora
708 299 827 361 tributis.
1027 313 1061 357 25

206 382 328 463 Porrigis
338 378 481 464 ingentem
496 381 622 464 spatiosis
637 380 775 442 moenibus
789 376 897 447 urbem,

205 462 295 533 Quam
307 473 399 524 tamen
412 471 557 543 angustam
569 461 685 543 populus
697 461 772 521 facit.
786 459 843 519 ltur
857 455 886 515 in
900 473 995 536 aequor

205 541 323 604 Motibus
339 549 360 614 ¹,
377 549 405 604 et
417 550 524 604 veteres
535 542 616 603 telius
628 561 698 602 nova
713 537 850 601 contrabit
863 534 964 595 undas.

205 621 331 715 Namque
344 622 511 684 Dicarchaeae
524 628 535 660 ¹
549 620 696 682 translatus
709 620 798 702 pulvis
809 633 899 679 arenae

158 756 161 764 .
206 701 312 763 intratis
322 702 454 764 solidatur
467 703 557 783 aquis,
570 701 720 781 durataque
734 718 823 760 massa
1027 712 1059 755 oo

206 780 333 843 Sustinet
342 781 470 844 advectos
481 781 625 865 peregrino
639 781 668 841 in
682 780 791 862 gurgite
801 798 923 860 campos

207 859 255 921 Sic
266 869 291 922 te
305 861 476 943 dispositam,
492 868 716 943 sudantemque
727 859 849 939 undiquc
862 864 957 941 portus
973 862 994 929 ³,

206 940 340 1001 vallatam
354 942 463 1024 pelago,
478 950 613 1003 terrarum
623 938 770 1001 commoda
782 938 915 1021 cingunt:

207 1019 354 1081 Fortunata
365 1023 441 1094 satis,
459 1020 555 1082 Romae
569 1020 667 1103 partita
681 1016 833 1097 triumphos
851 1042 857 1078 :

207 1100 241 1162 Et
253 1102 309 1182 jam
323 1120 378 1161 non
393 1099 546 1181 querimur,
559 1100 646 1161 valeat
658 1098 756 1159 divisio
766 1099 844 1179 regni
859 1122 864 1157 :
1028 1114 1060 1156 ss

181 1250 188 1263 ι
207 1179 381 1242 concordant
393 1179 477 1241 lancis
493 1188 583 1262 partes
593 1180 604 1215 ⁴
616 1200 623 1252 ;
637 1178 705 1240 dum
714 1178 835 1260 pondera
850 1185 941 1239 nostra

209 1256 341 1341 Suscipis,
359 1258 484 1342 aequasti.

466 1436 611 1483 Pertralt
626 1436 686 1484 des
704 1434 806 1482 fluns.

251 1568 338 1630 Albus
351 1570 532 1651 Hyperboreis
542 1569 643 1632 Tanais
655 1571 710 1651 qud
719 1568 835 1630 vallibus
846 1573 923 1627 actus

209 1646 325 1728 Riphaet
339 1648 374 1709 de
388 1657 467 1710 caute
482 1651 492 1683 ⁵
508 1650 593 1727 cadit,
605 1650 678 1731 jacet
696 1670 746 1710 axe
759 1649 810 1710 sub
822 1664 893 1708 ursae

211 1726 284 1789 Gens
296 1727 396 1787 animis
407 1728 594 1819 membrisque
608 1730 720 1790 minax:
737 1729 775 1789 ita
789 1725 910 1789 vultibus
924 1724 990 1806 ipsis
1029 1740 1064 1787 ao

210 1805 349 1866 lnfantdm
360 1826 427 1867 suus
442 1806 539 1868 horror
548 1816 630 1869 inest.
647 1807 795 1888 Consurgit
807 1807 836 1868 in
849 1810 954 1865 arctum

212 1884 300 1946 Massa
312 1885 429 1946 rotunda
443 1894 525 1968 caput
536 1891 559 1951 ⁶.
573 1886 698 1950 Geminis
709 1885 761 1949 sub
774 1887 863 1948 fronte
874 1882 996 1946 cavernis

212 1963 293 2027 Visus
304 1966 381 2027 adest
390 1965 476 2028 oculis
491 1966 671 2028 absentibus:
688 1975 746 2028 acta
759 1965 864 2028 cerebri

173 2102 176 2107 .
212 2044 243 2105 in
257 2065 394 2107 cameram
406 2046 452 2108 vix
462 2045 496 2107 ad
509 2048 620 2190 rebapos
629 2047 677 2109 lux
690 2047 814 2129 pervenit
829 2044 919 2118 orbes

211 2123 274 2186 Non
285 2133 379 2188 tamen
392 2134 420 2188 et
430 2127 550 2190 clausos.
591 2148 635 2189 arn
646 2127 749 2189 sornice
762 2145 819 2188 non
831 2126 962 2207 spatioso,
1034 2137 1067 2184 tc

213 2204 313 2287 Magna
324 2207 421 2269 vident
432 2208 529 2288 spatia,
543 2218 571 2270 et
585 2206 696 2288 majoris
710 2205 825 2267 luminis
839 2225 922 2265 usum

216 2287 362 2368 Perspicua
378 2289 407 2349 in
419 2288 509 2370 puteis
522 2293 702 2370 compensant
711 2293 812 2368 puncta
825 2283 968 2366 profundis
980 2287 1004 2355 ⁷,

149 2507 185 2557 s«
205 2512 259 2563 itur
277 2514 304 2563 in
323 2528 410 2579 aequor
431 2517 574 2566 molibus.»
599 2515 652 2564 toin
664 2520 731 2563 eten
751 2513 853 2562 tiraient
864 2526 897 2562 un
920 2515 970 2563 bon
982 2515 1069 2577 profit.

117 2573 226 2637 zosime,
232 2574 270 2622 dit
281 2576 349 2624 aussi
359 2577 422 2625 dans
433 2578 457 2625 lc
467 2584 500 2625 ιι·
511 2576 576 2625 tivro
632 2576 667 2617 ‘a
684 2574 780 2623 Portus.
795 2590 807 2615 a
821 2575 953 2622 accusatis
972 2579 1068 2636 pluriel

117 2634 148 2681 de
170 2647 214 2684 son
233 2634 338 2705 bistoire
360 2636 462 2745 (ΜΗ-Ε
483 2636 578 2705 αναίιρ
600 2635 939 2728 reqiparuspectantam.p

116 2694 321 2758 Constantinople
341 2696 385 2746 des
397 2697 438 2746 ἑὼ
458 2709 499 2746 ces
512 2696 578 2745 batis
662 2712 675 2738 «
688 2692 847 2742 Concordant
858 2692 940 2741 lancis
951 2702 1045 2754 partes,
1056 2719 1067 2741 o

117 2756 272 2806 surla‘mer.
562 2758 565 2763 '
602 2753 1067 2826 lesplateauxdetubatencesontan

149 2816 184 2860 ἰ
199 2816 375 2888 Dicarchaoae‚c
389 2816 421 2866 de
430 2816 518 2888 biceqr
536 2830 577 2876 ue,
604 2816 738 2881 equalibre.

117 2878 278 2928 o'est-a-one
291 2879 322 2927 de
335 2830 579 2929 Pouaaolebrcdar-
634 2880 693 2929 *Le
723 2880 824 2941 Tanais,
857 2877 1022 2941 aujourd'hui
1045 2882 1068 2930 lo

116 2947 212 3003 quaest
220 2938 327 2989 l’ancien
338 2952 399 2991 nom
407 2941 438 2991 de
449 2941 578 3001 Pouazote.
604 2943 713 2991 bon-a
723 2942 825 3007 Riphaea
832 2948 928 3005 cautes
936 2942 973 2992 les
986 2952 1070 2994 monts

118 2996 192 3051 --La
242 3002 306 3051 udra
328 3003 359 3053 de
381 3003 581 3054 Pouaaoleoula
605 3004 722 3097 Riphees.

117 3076 209 3177 pouaao
220 3076 267 3113 ane
279 3069 316 3113 est
329 3078 377 3115 one
389 3067 476 3133 espece
488 3065 520 3116 de
539 3079 579 3116 sa·
663 3086 675 3111 ι
687 3066 717 3117 ln
734 3075 835 3118 arctum
846 3074 933 3132 caput,
945 3087 956 3112 o
972 3081 1004 3119 cn
1018 3067 1067 3118 for-

136 3126 159 3176 lc
172 3126 220 3198 qni
237 3133 288 3176 sert
306 3126 337 3176 de
358 3127 465 3179 cimont.
478 3129 533 3179 Ello
543 3132 583 3179 cst
606 3141 649 3179 me
660 3129 691 3180 de
702 3130 753 3180 tdte
765 3131 864 3181 dtroite.

118 3188 246 3260 tres-utile
260 3202 325 3252 pour
344 3188 381 3239 les
398 3191 583 3253 oonstqaotions
639 3191 650 3222 ⁷
664 3211 676 3236 α
690 3192 793 3255 Majoris
804 3192 919 3254 luminis,
932 3210 943 3235 »
956 3192 997 3242 oerl
1013 3193 1070 3255 plus

119 3251 324 3331 turrestsurmeq
342 3252 584 3324 parcequ'elloala
606 3254 696 3318 grand.
709 3282 740 3291 -
754 3273 765 3299 a
779 3255 916 3325 Perspicua
938 3255 965 3302 in
991 3256 1071 3317 puteis

120 3313 585 3434 intrat}tttfttttrtrbna
608 3315 1069 3441 ttr‘ttttfttttnbstrrau

112 3446 164 3489 »tur
174 3438 253 3501 aquis.
267 3456 279 3482 o
291 3438 397 3488 Vitruve
407 3445 525 3501 rapporte
536 3451 586 3500 que
610 3438 672 3489 d’un
685 3440 760 3501 paics,
774 3440 927 3488 desta-diro
943 3440 968 3488 la
979 3440 1071 3489 farulu'·

124 3501 159 3550 les
170 3501 299 3551 habitants
312 3501 356 3549 des
366 3512 520 3565 campagnes
535 3500 587 3549 voi·
611 3502 653 3551 d‘a
670 3501 781 3552 ctcevoir
792 3501 828 3549 les
840 3502 897 3564 plus
906 3503 981 3563 petits
992 3502 1071 3563 objnts

125 3562 191 3612 sines
205 3562 239 3612 du
251 3563 354 3612 vesure
366 3562 542 3632 l'oxportaient
551 3575 586 3615 ou
611 3576 644 3612 au
652 3515 717 3629 deod
728 3563 788 3613 d’un
801 3564 876 3633 puits.
900 3630 904 3635 ἡ
