2324 3960
75 2990 78 2995 .
149 2944 196 2993 cha

160 184 206 238 272
460 184 587 238 SlDOlNll
599 184 816 237 APOLLlNlllRE.

317 365 351 413 V.
367 364 565 427 inscription
582 364 893 475 pffinlffiumm
908 363 950 416 tle
965 366 1055 417 uolut

254 581 364 644 Martini
378 602 489 667 corpus,
501 585 566 646 totis
577 584 732 647 uenerabile
743 584 836 662 terris,
880 624 883 629 -

294 667 325 724 ln
338 684 394 746 quo
406 671 468 757 post
479 663 543 726 ritae
554 672 676 746 tempora
689 664 756 725 vivit
764 665 865 744 honor,

255 741 372 805 Texerat
384 744 431 805 hro
444 744 566 825 primr'rm
580 744 688 826 plebeio
703 745 830 806 maehina
843 745 929 822 cultu,

293 827 363 897 Quae
374 824 524 885 confessori
538 843 594 885 nou
607 832 667 885 erat
676 844 755 907 aequa
769 844 840 898 suo;

253 902 310 964 Nec
324 902 472 965 desistebat
484 905 558 965 cives
567 922 682 967 onerare
693 905 797 986 pudore

293 981 383 1044 Gloria
398 1003 498 1064 magna
512 984 576 1063 viri,
588 985 674 1065 gratia
689 1004 769 1066 parva
779 983 842 1046 looi.

252 1062 372 1123 Antiates
384 1063 433 1123 sed
444 1063 492 1143 qui
505 1071 667 1125 numeratur
680 1071 773 1125 sextus
786 1063 901 1147 abipso,

292 1140 416 1225 Longam
431 1145 584 1224 Perpetuus
600 1143 712 1205 sustulit
726 1143 868 1221 invidiam,

253 1218 396 1282 Internum
409 1241 556 1283 removens
569 1222 672 1284 modici
685 1222 826 1304 penetrale
837 1222 941 1301 sacelli,

290 1300 445 1384 Amplaque
455 1300 548 1364 teota²
561 1300 656 1362 levans
670 1303 804 1364 exteriore
819 1302 902 1364 domo
915 1323 923 1374 ;
1057 1319 1107 1367 rou

250 1379 457 1462 creveruntque
469 1380 565 1458 simul,
581 1381 671 1443 valido
681 1382 819 1443 tribuente
833 1391 959 1464 patrono,

291 1458 344 1522 lns
364 1461 425 1522 aliis
438 1461 522 1534 edes,
536 1460 662 1525 eonditor
674 1461 703 1521 in
712 1463 832 1542 meritis;

250 1542 320 1614 Quae
334 1480 528 1603 ffalomoniaoo
543 1542 614 1622 potis
628 1548 671 1602 est
682 1540 831 1631 confligere
845 1539 963 1622 tern'plo,

292 1616 414 1700 Septima
426 1639 487 1709 quae
500 1621 605 1682 mundo
620 1620 720 1682 fabrica
736 1641 805 1682 mna
818 1620 880 1682 fuit.
981 1675 985 1683 .

250 1695 321 1759 Nam
335 1717 466 1778 gemmis,
483 1719 560 1771 auro,
577 1708 701 1781 argento,
718 1700 769 1761 sis
789 1698 985 1774 lenduitsslnd,
1053 1717 1102 1763 roo

291 1777 365 1838 Istud
377 1777 576 1859 transgreditur
589 1787 688 1840 runata
698 1721 806 1842 metalla
820 1780 887 1841 sule.
985 1834 989 1841 .

249 1855 341 1933 Livor,
355 1856 410 1934 abi,
426 1856 557 1921 mordax!
574 1857 805 1942 absolvanturque
819 1860 923 1942 priores
934 1861 962 1932 ³3

289 1935 333 1998 Nil
344 1945 427 1998 novet
438 1938 578 2000 autaddat
588 1938 698 2021 garrulo
712 1940 867 2022 posteritas.
900 1994 904 2001 .

249 2015 377 2100 Dumque
390 2026 400 2056 ⁴
415 2018 490 2080 venit
507 2019 645 2097 Christus,
666 2020 783 2101 populos
796 2021 844 2101 qui
855 2019 970 2083 suscitet
989 2037 1090 2080 omues

289 2098 425 2180 Perpeturl
437 2099 537 2161 durent
545 2099 666 2197 eulmina
680 2099 820 2182 Perpetui.
846 2100 851 2110 '
1054 2116 1105 2162 rro

340 2312 390 2363 Vl.
406 2298 505 2377 brono
518 2302 715 2363 tunebre‘rle
734 2313 823 2361 nint
833 2312 1009 2361 Abrabam·
1024 2364 1027 2369 ,

245 2471 383 2532 Abraham
396 2476 406 2510 ⁸
421 2473 523 2533 sanctis
535 2472 635 2533 merito
647 2471 777 2533 sociande
789 2473 922 2555 patronis,

286 2554 364 2626 Quos
375 2550 424 2610 tibi
438 2550 557 2630 collegas
571 2550 663 2611 dicero
674 2568 731 2610 non
744 2551 882 2632 trepidem
894 2572 902 2623 ;
974 2560 978 2569 ·

183 2763 192 2790 ¹
211 2760 360 2823 Perpetuus,
375 2759 470 2821 aveque
481 2759 513 2809 de
530 2759 611 2830 ‘lours
634 2759 666 2809 de
687 2732 794 2809 l'tdissoo
821 2758 926 2832 agrandi
953 2760 994 2824 (b
1015 2762 1102 2815 l'into.

150 2827 175 2870 et
194 2821 299 2872 sixlente
320 2830 465 2871 suecesseur
487 2821 518 2871 de
544 2828 610 2871 saint
636 2820 727 2886 rieur).
742 2822 895 2873 «Exteriore
907 2821 1005 2872 domo»
1019 2833 1058 2875 est
1067 2842 1101 2878 en

150 2883 243 2931 Martio
255 2883 324 2934 avait
339 2882 466 2946 remplact
485 2883 608 2934 lbumble
636 2884 776 2949 opposition
788 2899 869 2936 aveo«
880 2884 1012 2936 internum
1022 2899 1100 2949 pene-

148 2945 610 3082 turlbllbsllullgbsfflllllgrlllblgalllle
636 2947 711 3056 mle}
719 2964 892 3061 ltbsolvantur
901 3010 1007 3082 priores,
1017 3018 1097 3076 eto.‚»

149 3070 409 3121 cesarntoonlesseur
426 3083 470 3133 par
481 3084 532 3121 une
543 3071 610 3122 basr-
635 3086 685 3135 que
704 3087 750 3124 nos
769 3073 883 3124 anettres
900 3087 933 3122 ne
952 3080 1033 3123 solent
1053 3089 1099 3137 pas

149 3132 217 3205 lique
231 3132 359 3204 beeuroup
377 3133 434 3195 plus
451 3134 556 3196 granosi
573 3134 610 3183 Si·
636 3136 790 3195 constamnes
798 3172 808 3200 ,
823 3142 850 3206 et
871 3148 919 3197 que
937 3134 962 3183 la
977 3136 1098 3205 posttritt

149 3195 613 3258 dornenpollrnarrentrerteinsorip-
636 3196 1097 3260 neseventoporntdopouvorrfaire

150 3259 202 3308 tlon
211 3271 252 3369 den
264 3257 511 3368 perspeltqiaquesla
525 3259 607 3370 laede·
636 3259 668 3371 {pi
685 3258 795 3331 quelque
804 3260 880 3309 chose
891 3258 922 3307 de
934 3269 1097 3311 nouveauou

150 3333 380 3492 qmrlillaeliteprallll
389 3326 456 3431 (ἓξὲξ
466 3334 610 3433 l'llbsllenlg
654 3333 802 3454 elnleffiln,
814 3401 825 3426 ι
836 3381 937 3445 Jusqu't
948 3395 975 3430 oe
989 3393 1048 3443 que,

151 3445 175 3493 la
192 3445 280 3495 nouvel
293 3458 307 3493 e
321 3444 407 3507 eglise.
669 3445 681 3475 ³
695 3447 764 3494 Sarnt
776 3444 905 3494 Abraham
925 3443 986 3492 eoba
1004 3456 1036 3506 pa
1048 3444 1099 3494 ala

181 3507 193 3538 ²
222 3526 233 3550 α
254 3506 398 3577 Amplaque
416 3512 499 3565 tecta.
519 3513 578 3569 eto,
598 3524 610 3551 u
685 3507 797 3557 secution
817 3519 866 3569 que
885 3505 909 3554 le
927 3505 964 3554 roi
979 3457 1010 3554 (le
1022 3506 1097 3556 Perse

152 3569 261 3633 elevant,
274 3569 289 3617 b
302 3569 456 3628 l’exterreur,
467 3569 491 3617 le
503 3575 612 3619 sommet
637 3521 769 3635 lslegerde
791 3569 802 3618 1
824 3568 927 3618 souleva
949 3574 1035 3618 contre
1061 3568 1097 3620 los
