2324 3960
386 191 477 241 ADAM
493 190 534 239 DE
551 186 779 238 solur-Vloroa.
1018 185 1063 235 m&

105 287 169 343 llaec
185 290 217 344 od
234 289 343 359 gloriam
360 296 500 360 parentum
616 283 952 356 Ul‚arlventi1sejuslrora

105 359 250 415 Pulclrrum
265 361 336 416 dedit
348 367 535 417 ornamentum
613 357 777 428 Praeparalri,
792 357 849 411 sine
863 358 937 410 mora

142 432 243 487 llorum
258 432 399 515 priuilegia
413 434 432 501 ¹3
650 429 734 483 lntrct
745 427 778 482 ud
791 426 924 483 convivia.
942 494 945 500 .

104 502 178 558 Clara
194 520 239 572 per
254 518 452 574 progenitores,

104 573 206 628 Claruit
218 591 266 644 per
278 590 369 645 sacros
383 590 472 629 mores

140 645 270 716 ΛΜΨ
284 645 379 717 gaola.
614 605 722 662 Sistitur
734 605 902 677 imperatori,

614 678 730 748 Cupiens
742 693 791 748 pro
804 677 909 734 Christo
926 677 1013 743 mori;

649 748 729 819 Cujus
744 751 772 802 iu
787 749 933 820 praesentiit

108 822 214 876 Florem
230 821 315 876 teneri
330 821 447 888 donorio,
613 819 814 892 Quinquaginta
832 819 965 891 sapientes

102 892 239 956 Lectionis
254 899 281 946 ct
295 891 394 948 laboris
613 895 698 947 llutos
713 890 800 946 redilit
815 899 840 946 et
854 893 963 947 silentes

139 963 270 1017 attrivere
283 963 370 1018 studia
383 980 389 1017 τ
648 961 768 1034 Virginis
781 961 913 1018 facundia.

103 1033 168 1087 Nam
184 1034 300 1105 perlegit
313 1033 469 1107 disciplinas

102 1106 249 1159 Saeculnros
264 1110 291 1160 et
301 1104 405 1160 divinas

136 1179 166 1230 m
179 1176 371 1232 adolescentia·
613 1139 736 1195 Carceris
755 1138 885 1196 horrendi
904 1139 1063 1207 claustrum,

613 1212 647 1265 Et
660 1217 778 1266 rotarum
791 1212 867 1266 triste
880 1211 1041 1281 plaustrum,

649 1283 757 1337 Famem
771 1289 797 1337 et
807 1282 919 1352 jujunio,

101 1354 151 1408 Vas
163 1354 291 1416 electum,
304 1371 348 1411 ras
363 1353 504 1421 virtutum,
613 1354 647 1408 ut
661 1368 838 1425 qrraecumque
851 1352 920 1407 fiunt
933 1352 968 1421 oi,

102 1426 247 1492 lteputanit
259 1427 328 1480 sicut
340 1429 425 1480 lutum
613 1425 735 1494 Sustinet
746 1440 837 1479 amore
851 1424 900 1479 llei

136 1497 209 1551 Boua
223 1497 386 1564 transitoria,
648 1495 747 1551 Endera
761 1496 793 1550 ad
806 1494 897 1550 omnia
910 1497 932 1550 ⁴·.

102 1568 136 1620 at
147 1567 253 1622 reduxit
266 1569 293 1622 in
311 1572 494 1637 contemplum

100 1638 188 1693 Patris
200 1654 265 1709 opes
280 1646 308 1694 et
322 1644 462 1709 parentum

135 1708 220 1780 Larga
232 1711 401 1781 patrimonia.
612 1675 967 1746 T0ttosopcrattort0rem,

612 1748 725 1814 Superat
737 1749 928 1816 imperatorem

648 1817 767 1872 Fomiuae
783 1817 951 1872 constantio:

101 1886 177 1942 Vasis
192 1887 205 1922 ²
219 1890 308 1944 oleum
324 1887 478 1951 includens,
611 1887 752 1943 Cruciatur
765 1888 921 1958 imperator,

101 1956 182 2029 Virgo
200 1960 305 2030 sapiens
316 1960 327 1998 ³
340 1966 368 2015 et
383 1960 500 2030 prudens
612 1959 682 2028 Quia
698 1957 777 2012 caerlit
789 1961 958 2023 cruentator,

137 2032 240 2101 Sponsa
255 2030 444 2103 pei-gironno,
646 2029 701 2082 Nec
714 2025 978 2097 valentsuppt'uiat.

137 2381 144 2408 ¹
170 2396 183 2425 «
195 2381 232 2428 Ao
254 2379 362 2443 gloriam
382 2379 475 2441 dedit»
493 2380 560 2442 equi·
623 2379 634 2412 ⁸
658 2399 669 2424 a
689 2378 784 2429 Eadem
803 2379 835 2427 ad
858 2379 981 2428 omnia.»
1004 2377 1051 2428 Ces

105 2446 165 2488 vaur
197 2443 213 2487 a
237 2457 250 2487 o
262 2442 349 2503 gloriar
370 2442 507 2490 audiuit.»
532 2467 563 2478 -
591 2441 694 2504 simplos
714 2440 820 2503 parntes,
833 2441 939 2504 rejotees
953 2440 1053 2489 ainsia

104 2501 188 2550 Salute
201 2504 337 2552 Catlrerine
347 2505 407 2553 etait
419 2504 493 2552 d’une
506 2516 563 2553 racc
593 2503 616 2553 la
628 2506 665 2553 lin
678 2504 709 2553 de
722 2504 745 2550 la
758 2503 870 2565 strophe,
882 2509 927 2553 ont
941 2503 1052 2565 quelque

103 2565 196 2626 ropale.
210 2593 240 2600 -
254 2582 267 2611 u
281 2567 382 2615 illorum
402 2565 561 2629 privilegia»
592 2567 666 2617 chose
678 2566 708 2615 de
720 2565 838 2615 sublime.

103 2633 140 2676 est
160 2628 208 2675 mia
225 2628 425 2691 parapposition
444 2630 459 2676 a
479 2627 563 2690 «pul-
624 2631 670 2675 ³«
691 2629 795 2677 Torta...
825 2626 983 2690 supplicia.»
1018 2626 1052 2675 La

101 2689 192 2738 chrum
205 2699 394 2739 ornamentum.
408 2707 422 2738 a
592 2690 737 2754 simplicite,
763 2689 787 2738 la
806 2689 884 2739 clartc
904 2697 930 2739 et
951 2688 975 2737 la
999 2686 1050 2737 ler-

133 2751 144 2780 2
165 2753 270 2801 «Varis
294 2769 307 2798 r>
330 2753 400 2802 Datil
415 2752 507 2816 pluriel
531 2752 561 2802 dc
592 2756 660 2804 mete
673 2753 702 2800 de
718 2752 888 2814 l’erpressua,
901 2751 1051 2800 l'harmonie

104 2829 117 2856 a
130 2825 197 2871 vasa,
207 2827 291 2862 orum.
305 2831 318 2860 n
591 2815 716 2865 imitatire
729 2815 844 2877 produitc
863 2829 908 2876 par
925 2813 1051 2863 l’antitlrc-

135 2875 262 2936 mvn-pa
274 2877 382 2936 sapiens.
395 2894 406 2918 n
422 2876 562 2938 Empruntc
592 2892 627 2940 se,
649 2891 695 2940 par
716 2876 894 2929 l'allite'ralion.
917 2885 942 2925 et
963 2888 1008 2938 par
1028 2875 1050 2922 le

102 2937 117 2982 a
138 2935 163 2983 la
183 2937 300 2998 pnralmlc
322 2937 364 2985 iles
385 2939 443 2999 cinq
465 2940 563 3000 vierges
592 2954 636 2989 son
653 2939 791 3000 e'norgiquc
809 2939 852 2987 dos
874 2937 1051 2997 lettresvien-

104 3011 175 3060 sagos
193 2999 237 3059 oui
262 2998 359 3060 prirent
380 2998 446 3047 lours
466 3000 563 3062 lampes
591 3008 653 3051 nent
669 3002 767 3062 ajouter
788 3002 803 3048 tt
829 3001 854 3049 ln
877 2999 1015 3062 grandem,
1036 3000 1051 3045 t

103 3073 167 3122 pour
179 3061 241 3109 aller
258 3060 395 3109 arr-devant
411 3062 442 3110 de
456 3062 560 3124 t'epoux.
592 3065 616 3112 la
636 3065 701 3113 loro¹
726 3069 751 3111 et
774 3076 805 3111 au
827 3065 994 3111 mouvement
1013 3059 1051 3121 lp-

108 3123 186 3184 Vopea
207 3123 274 3171 caim
293 3123 424 3184 llatthiou,
447 3124 487 3173 ch.
506 3139 561 3174 xxv.
590 3127 663 3189 rique
684 3125 714 3174 de
737 3125 760 3172 la
779 3126 878 3186 pansae.
900 3123 956 3171 Plus
970 3136 1001 3170 oo
1022 3122 1051 3171 lit

103 3184 208 3233 Comme
223 3186 258 3232 los
273 3184 371 3244 rimans
390 3198 470 3247 sagos,
482 3186 562 3236 calme
591 3196 655 3238 cette
667 3186 822 3250 nrnprtiliquo
832 3186 942 3248 strophe,
951 3186 984 3233 oir
995 3183 1051 3232 l’art

104 3247 238 3296 Catherinc
255 3254 299 3296 eut
312 3248 364 3295 solu
378 3248 409 3295 de
422 3255 513 3297 mettre
531 3249 562 3298 de
591 3258 629 3299 est
641 3251 661 3299 si
672 3251 731 3299 bion
744 3249 819 3298 cnolle
832 3248 904 3309 qu’on
918 3259 950 3295 ne
962 3246 1052 3307 l'aper-

101 3308 187 3358 l’lmile
198 3309 396 3371 tlanssalampe.
409 3310 562 3360 cest-tome
592 3314 641 3375 pail
662 3327 707 3375 pas
724 3312 768 3360 des
788 3310 891 3368 laboro,
903 3309 959 3370 plus
976 3321 1008 3356 on
1027 3308 1052 3355 la

102 3372 192 3432 qu'elle
207 3373 245 3421 lut
258 3372 363 3420 humlrlc
376 3378 401 3420 et
413 3372 561 3435 charitaute,
591 3382 680 3426 trouve
690 3372 840 3423 admirable.
849 3372 930 3427 Saule,
941 3370 988 3419 elle
998 3369 1050 3418 sul·

103 3434 563 3496 etqu'ellopratiquatonteslesver-
591 3437 622 3485 lit
647 3451 712 3500 pour
740 3447 849 3498 prourer
875 3433 998 3494 qu’aoam
1021 3431 1051 3480 de

105 3499 145 3542 tus
156 3496 326 3557 chritianum,
337 3510 401 3558 pour
410 3503 463 3546 rtre
473 3498 562 3558 ,reuma
591 3497 768 3550 Salat-Victor
780 3496 840 3545 ttrrit
858 3508 893 3543 un
906 3496 977 3557 poete
991 3493 1052 3541 d'uu

104 3555 166 3605 dnus
186 3558 208 3607 le
224 3560 297 3608 cleta
317 3572 361 3606 son
381 3554 450 3608 divin
464 3561 560 3622 Epoux.
591 3563 672 3623 grand
687 3562 773 3623 genie.

890 3645 954 3702 uu.
