2324 3960
64 4 1074 60 *—

346 217 697 279 snrnrnonlvnnrnan.
964 219 1010 267 a„

216 318 262 380 Sic
274 326 401 400 quassato
412 338 515 400 organo
527 317 611 397 hujus
624 316 805 388 Philomenae,

213 399 312 461 Rostro
328 406 421 459 tamen
433 399 567 480 palpitans
579 397 612 457 lit
622 397 775 476 exsanguis
783 397 864 479 pene.

214 477 269 538 Sed
288 478 321 538 ad
340 499 442 538 nonam
463 478 578 539 veniens
597 476 712 539 moritur
728 477 787 556 jam
810 477 903 558 plene,

212 557 304 628 Quum
324 557 407 619 totlus
430 559 553 639 corporis
573 557 766 639 dirumpuntur
783 575 872 618 venae.

211 766 293 839 Ecce,
308 765 497 839 dilectissime,
514 767 633 844 breviter
644 766 743 827 audisti

211 846 327 906 Factum
344 846 424 927 hujus
439 846 557 908 volucris
572 869 578 905 :
594 846 643 908 sc'd
659 847 682 906 si
700 846 861 919 meministi,

162 946 165 951 ·
211 925 336 986 Dicimus
355 926 413 1005 jam
432 927 570 1007 primitus,
587 926 651 1008 quia
668 936 764 986 cantus
782 926 828 987 isti

211 1004 324 1086 Mystlce
339 1007 508 1067 conveniunt
528 1006 583 1088 legi
599 1007 665 1068 lesu
687 1004 799 1069 Christi.

210 1206 315 1289 Restat,
331 1225 361 1278 ut
375 1217 511 1298 intelligo,
532 1236 593 1278 esse
614 1216 817 1290 Philumenam,

209 1296 338 1357 Animam
351 1296 497 1358 virtutihus
510 1304 537 1357 ct
555 1317 648 1357 amore
664 1296 786 1377 plenam,

209 1375 276 1446 Quae
295 1376 361 1438 dum
374 1385 467 1437 mente
486 1385 611 1458 peragrat
633 1376 748 1457 patriam
769 1394 920 1452 arnoenam,

208 1455 281 1517 Satis
300 1455 490 1519 delectabilem
506 1459 574 1518 texit
590 1456 763 1517 cantilenam.

227 1668 269 1728 nd
286 1677 466 1750 augmentum
484 1670 589 1730 etenim
601 1691 658 1731 saae
676 1678 778 1731 sanctae
790 1671 857 1752 spei,

229 1746 361 1818 Quaedam
382 1749 439 1809 dies
455 1750 567 1832 mystica
587 1749 791 1810 demonstratur
810 1750 857 1812 ei:

191 1828 196 1835 '
230 1829 313 1888 Porro
338 1828 480 1901 beneficia,
502 1849 564 1911 qnae
580 1828 614 1890 de
630 1850 714 1890 manu
731 1829 780 1890 Dei

228 1905 317 1968 Homo
331 1920 494 1969 consecutus
514 1917 565 1981 est,
584 1917 650 1970 sunt
671 1909 746 1970 horae
770 1908 836 1970 diei.

228 2120 308 2180 llane
323 2119 366 2178 vol
387 2118 540 2177 dilacnlnm
556 2117 677 2178 hominis
698 2125 740 2178 est
762 2125 859 2191 status,

225 2199 256 2256 ln
276 2217 331 2278 quo
353 2197 513 2257 mirabiliter
534 2197 684 2257 homoest
703 2205 827 2271 creatus;

225 2276 297 2337 Hora
317 2278 413 2356 prima,
431 2275 543 2357 quando
558 2284 600 2336 est
619 2275 692 2336 Dens
710 2276 885 2342 incarnatus:

226 2355 344 2417 'lertiam
360 2355 404 2416 dic
425 2356 545 2436 spatium
568 2355 612 2416 sui
627 2354 791 2417 incolaths¹.

223 2571 337 2632 Sextam
357 2590 444 2651 qaum
469 2591 488 2630 a
506 2567 619 2651 perfidis
638 2568 726 2630 voluit
747 2568 839 2651 ligari,

225 2649 317 2719 Trahi,
338 2651 416 2721 caedi,
434 2650 559 2730 conspui,
583 2648 641 2712 dire
657 2649 783 2722 cruciari,

221 2731 364 2809 cruciligi,
383 2731 503 2812 denique
527 2729 609 2789 clavis
628 2729 770 2808 terebrari,

223 2811 367 2892 Caputque
388 2810 594 2878 sanctissimum
613 2809 701 2892 spinis
722 2807 858 2870 coronari.

220 3023 329 3084 Nonam
350 3023 393 3085 dic
413 3045 500 3106 qnam
520 3025 644 3098 moritur,
658 3024 770 3105 quando
791 3030 1001 3086 consummatus

217 3103 324 3184 Cursus
345 3113 387 3165 est
409 3104 580 3182 certaminis,
600 3107 710 3179 quando
733 3111 878 3184 superatus

217 3183 265 3244 Est
282 3185 400 3246 omnino
420 3185 540 3254 zabolus,
562 3191 590 3243 et
610 3184 677 3245 hinc
697 3181 885 3246 conturbatus.

215 3261 355 3346 Vespera²
368 3286 454 3346 quum
473 3263 599 3325 Christus
621 3272 664 3327 est
684 3264 832 3348 sepulturae
850 3261 943 3324 datus.

75 3537 262 3609 'alneolatpe
278 3561 289 3585 ι
305 3541 348 3590 vie
361 3541 510 3609 temporallc
567 3540 608 3584 ἰι
634 3542 755 3606 Vespera.
780 3560 792 3584 ι
814 3535 1002 3590 Souseatendn
1060 3584 1064 3591 .

64 3597 261 3652 *rasus-transt.
538 3621 548 3644 a
564 3610 609 3653 est.
628 3625 639 3648 a
1022 3582 1074 3750 ⁴

829 3689 889 3746 hh.
1016 3684 1031 3723 ’-
