2324 3960
277 132 324 179 tae
604 130 715 183 PlEltRE
731 130 902 184 atnxnxnn

373 233 479 295 Felices
490 232 572 305 oculi,
588 234 666 295 beuta
678 234 793 307 lumina,

374 313 479 384 Quibus
494 335 656 376 eoncessum
670 315 771 376 esthtc
786 314 840 375 frui
850 314 954 396 glarie!

374 393 473 474 llujns,
490 402 515 454 te
530 395 667 476 supplices
682 414 823 486 ragamuS,
837 395 968 476 Domine,

373 472 446 535 Loca
456 474 499 535 rel
510 475 608 536 ultima
619 475 653 536 da
663 475 742 536 nabrs
753 475 845 538 euriae.

639 692 672 741 V.
688 691 749 739 Sur
763 694 798 738 la
813 692 968 742 Natlvlte.

376 834 483 897 Verba*
498 832 618 895 Verbum
640 833 717 915 virgo
736 832 906 914 concipiens,

376 915 416 976 Ex
427 924 454 976 te
465 935 545 975 verus
560 923 634 975 artus
649 922 690 973 est
703 914 793 974 oriens

378 997 400 1054 Α
416 1016 470 1076 quo
482 1001 559 1055 vera²
572 993 671 1055 diffusa
683 994 790 1054 claritas

379 1074 586 1136 Circumduetas
602 1074 715 1134 abduxit
728 1071 866 1134 tenebras.

379 1230 456 1293 Felix
470 1230 539 1301 dics,
551 1229 658 1290 dierum
673 1228 769 1308 gloria,

378 1311 466 1391 Hujus
480 1314 556 1371 anus
572 1330 634 1391 quae
646 1310 715 1369 vidit
726 1306 839 1391 gaudia!

377 1392 453 1452 Felix
468 1400 628 1472 materque
643 1390 732 1451 llcum
745 1387 855 1469 genuit!

377 1471 454 1532 Felix
467 1471 547 1532 stella
560 1489 621 1551 qua
635 1470 722 1531 salem
737 1469 856 1551 peperit!

380 1629 494 1691 Obeata
510 1650 613 1713 pauper
624 1631 775 1711 puerpera!

380 1709 463 1789 Cujus
479 1719 571 1789 partus
585 1711 681 1770 ditavit
690 1710 801 1781 omnia3

378 1787 495 1869 Pauper,
512 1789 637 1870 inquam,
653 1790 702 1849 sed
712 1790 782 1850 celsa
797 1808 911 1870 genere,

378 1867 546 1929 Pontificum
560 1877 587 1929 et
600 1888 697 1950 regum
713 1872 857 1950 sanguine.

378 2031 448 2092 Vitae
458 2030 551 2092 uiam3
565 2030 594 2091 in
607 2030 650 2091 rial
665 2031 781 2113 peperit,

379 2112 537 2194 Hospitium
550 2132 607 2172 uon
620 2111 734 2173 domum
745 2111 852 2184 hahuit,

380 2193 490 2274 Regum
504 2192 596 2273 proles
607 2199 635 2252 et
646 2192 708 2254 caeli
719 2192 840 2262 domina,

377 2272 431 2334 Pro
445 2273 579 2334 camerisl
593 2273 703 2333 intravit
717 2272 833 2333 stabula.

380 2429 546 2493 Obstetrices
560 2434 589 2492 in
604 2439 683 2514 partu
697 2430 818 2506 deerant,

382 2510 438 2572 Sed
450 2511 541 2592 angeli
551 2532 600 2591 pra
611 2514 650 2572 eis
664 2512 784 2583 aderant,

382 2592 504 2661 Quarum
516 2593 628 2651 statiml
642 2591 742 2652 chorus
755 2612 811 2653 nan
826 2591 935 2653 modica

383 2670 470 2751 llnjus
483 2676 560 2731 ortrls
574 2671 667 2731 eduxit
677 2672 786 2749 gaudia.

320 2910 328 2940 ¹
349 2928 361 2953 «
380 2903 474 2964 Verba,
489 2906 537 2950 etc.
554 2917 567 2947 u
583 2900 616 2950 Cc
631 2913 749 2951 morccaa
772 2903 854 2966 lueet3
869 2905 973 2954 neten.
990 2918 1046 2970 vru,
1062 2924 1090 2960 v.
1107 2912 1137 2962 12

287 2978 312 3023 et
330 2971 354 3020 le
372 2967 474 3019 suivant
487 2964 628 3013 santecrits
649 2978 750 3014 envers
773 2979 831 3014 surn
855 2966 897 3014 lux
920 2969 1012 3018 muudi
1036 2986 1043 3020 τ
1066 2973 1112 3035 qui
1136 2988 1162 3022 s·-

287 3036 318 3084 rle
329 3032 371 3082 clix
387 3029 502 3093 spllubeS,
512 3027 558 3074 lics
567 3040 612 3088 par
621 3026 665 3075 des
675 3027 751 3074 rirncs
774 3041 825 3088 me,
835 3041 886 3076 nan
903 3030 1019 3081 ambulat
1032 3034 1061 3082 in
1072 3036 1162 3086 tenebr

307 3098 376 3153 lates,
384 3100 410 3142 ct
421 3090 521 3151 coepes,
534 3102 631 3138 camme
644 3102 751 3137 nosrcrs
775 3090 877 3138 habebit
890 3090 978 3139 lumen
991 3095 1063 3145 ritae.
1077 3108 1103 3140 a·

288 3112 396 3217 l'lnncais
407 3154 438 3202 de
450 3153 492 3200 clix
507 3151 623 3212 syneches,
643 3165 675 3200 en
686 3152 752 3200 deux
808 3153 818 3181 ³
837 3169 850 3196 u
861 3152 923 3200 Vitae
934 3154 1013 3204 uiam.
1025 3174 1037 3198 a
1046 3159 1158 3224 Evangfl

289 3217 450 3271 hnuisrichcs
474 3216 546 3276 apres
569 3214 594 3261 la
611 3213 751 3274 quatrieme
775 3213 841 3262 saint
861 3217 932 3275 leun,
952 3216 994 3264 ch.
1013 3233 1067 3277 xxv,
1091 3230 1161 3273 run:

290 3282 394 3348 syllaba.
777 3289 833 3345 sum
855 3276 905 3327 ria.
925 3278 1020 3327 veritas
1042 3288 1071 3332 ct
1083 3284 1148 3334 vita.

322 3348 333 3377 ⁹
354 3362 367 3389 ι
380 3343 459 3403 Aqua
470 3351 539 3399 vera,
549 3342 598 3386 ete.
609 3354 621 3379 ι»
631 3336 753 3400 Erangile
777 3344 847 3386 renat
858 3338 889 3385 ad
902 3339 1013 3399 Patrem,
1024 3344 1076 3392 nisi
1089 3360 1138 3408 per

291 3408 362 3460 selon
377 3404 443 3455 saint
456 3401 528 3457 leun,
546 3398 587 3447 eh.
601 3413 619 3460 r,
635 3412 661 3446 r.
677 3404 702 3461 4,
716 3404 749 3447 5:
809 3400 820 3431 ⁴
839 3416 852 3445 a
864 3401 986 3464 Cameris,
1001 3421 1013 3445 ι»
1027 3406 1157 3459 chambre

294 3471 348 3521 «ln
366 3467 419 3530 ipso
437 3463 489 3512 situ
506 3468 570 3522 erat,
586 3468 612 3531 ct
629 3460 681 3509 vita
697 3468 753 3510 erat
779 3462 851 3513 cher.

292 3546 326 3582 ux
344 3528 490 3587 hominum,
500 3531 525 3575 et
539 3524 582 3573 lux
602 3536 629 3572 an
641 3523 752 3575 tenebris
801 3526 823 3555 ἐῢ
842 3544 853 3567 «ι
882 3525 998 3583 Quarum
1023 3531 1133 3597 statim,
