2324 3960
280 236 371 286 sAlNl'
388 236 631 287 eddeva-stunc.
894 242 941 288 539

147 408 152 415 1
170 332 261 404 Quum
276 342 303 395 te
316 335 384 415 patri
398 334 538 397 victimam
551 344 675 399 sanctam
687 336 809 399 obtulisti

170 413 204 475 Et
218 413 246 474 in
260 423 307 475 tuo
322 416 456 497 sanguine
469 415 607 478 sordidam
622 416 721 477 lavisti.

168 572 237 644 Quis
252 576 367 635 miretur
379 575 461 655 igitur
477 595 525 656 pru
539 582 567 636 te
581 570 603 636 si
618 577 736 659 suspira,

170 653 269 713 lunata
284 654 344 714 siue
358 654 463 715 meritis
478 668 534 716 tam
548 657 645 718 zelanti
660 659 739 719 vira?

172 732 243 793 Nam
255 732 484 797 affectumalitis¹
502 755 596 797 meum
609 738 691 798 modo
706 737 786 811 mira,

173 812 225 873 Pro
239 832 282 874 me
296 813 380 873 vitam
393 813 493 875 liniens
506 815 580 876 exitu
593 824 649 877 tarn
661 817 732 879 diro.

172 970 241 1033 Verd
250 972 307 1050 jam
321 992 378 1034 non
390 973 477 1034 debeo
493 982 601 1035 tantnm
614 975 763 1056 suspirare,

173 1051 231 1112 lmo
242 1053 320 1132 juxta
336 1053 450 1113 verbum
463 1053 527 1128 lob,
542 1054 631 1115 crines
644 1054 774 1131 lacerare,

174 1130 204 1191 ln
217 1138 333 1197 carernd
345 1133 438 1193 lateris
451 1132 578 1194 nidulum
592 1154 696 1215 parare,

174 1210 209 1273 Et
221 1220 375 1273 extremum
388 1213 519 1292 spiritum
531 1213 589 1274 illic
604 1212 743 1279 exhalare.

175 1370 270 1444 Plane,
286 1372 341 1433 nisi
354 1372 454 1433 moriar
464 1379 569 1445 lecum,
579 1392 637 1433 nen
651 1372 802 1455 quiescam,

174 1450 235 1523 Oci,
250 1452 292 1512 eci
307 1453 449 1512 clamitans
463 1473 606 1534 nunquam
620 1453 813 1526 conticescam,

173 1532 215 1592 tlb
229 1531 282 1592 boc
296 1532 429 1593 desiderio
444 1533 506 1593 vere
521 1552 577 1593 nun
592 1541 741 1613 tepescam,

173 1611 451 1693 Quantumcumque²
464 1613 565 1673 saeculo
580 1618 690 1694 propter
703 1611 757 1673 hoc
770 1613 913 1697 vilescant.
931 1634 947 1671 ι

176 1771 263 1842 Tunc,
281 1780 311 1834 ut
325 1771 439 1833 demens
454 1771 575 1833 clamitat
591 1793 598 1830 :
615 1768 758 1833 «Veniant
770 1770 890 1848 lanistae,

177 1851 229 1923 Qui
244 1852 357 1926 alligant
371 1853 501 1912 miseram
514 1851 588 1913 cruci
601 1858 667 1921 tuae,
684 1850 808 1930 Christe3

176 1931 234 1993 Erit
248 1933 325 1993 enim
338 1933 429 1992 exitus
441 1930 512 1992 milri
526 1931 615 1991 dulcis
629 1932 692 2005 iste,

178 2010 224 2073 Sic
237 2012 387 2099 amplector
400 2012 521 2071 moriens
536 2009 654 2090 propriis
667 2008 743 2069 ulnis
756 2015 797 2070 te.

157 2220 163 2230 .
180 2169 249 2230 Vere
263 2169 302 2229 sie
316 2188 374 2229 non
385 2168 465 2228 aliter
478 2167 568 2228 rabies
581 2166 693 2236 doloris,

178 2248 238 2319 Qua
252 2268 407 2309 cormeum
421 2247 537 2327 singulis
550 2247 703 2308 terebratur
717 2245 805 2321 horis,

182 2326 295 2388 Delinirl
309 2328 418 2409 pulerit,
436 2327 488 2387 nisi
502 2336 543 2396 tu,
560 2326 681 2387 dulcoris

180 2407 253 2469 Fons
266 2409 426 2481 abundans,
443 2406 567 2468 medicus
580 2407 637 2467 mei
650 2405 689 2467 sis
702 2404 816 2468 doloris.

182 2569 266 2630 Plane
278 2566 365 2630 dulcis
380 2569 504 2630 medicus
517 2588 557 2640 es,
575 2567 622 2650 qui
636 2587 781 2648 nunquam
794 2566 906 2650 pungis,

183 2650 239 2711 Sed
256 2649 475 2710 accidentium
490 2648 589 2709 leniter
605 2649 753 2731 emungis3

182 2729 252 2790 Nam
265 2751 334 2810 (ritas
346 2728 393 2790 tihi
404 2729 520 2789 tirmiter
532 2749 580 2810 per
594 2748 717 2789 amorem
728 2727 837 2809 fungis,

184 2809 252 2871 Tuis
265 2809 477 2871 charismatibus
490 2829 600 2891 semper
614 2830 663 2871 cos
677 2810 770 2889 ungis.

183 2967 258 3029 lleul
273 2972 357 3049 quim
367 2968 558 3030 damnabiliter
571 2968 693 3030 mrmdus
707 2976 748 3029 est
761 2977 891 3041 caecatus,

183 3047 244 3118 Qui,
262 3069 348 3129 quum
362 3048 399 3108 sit
411 3050 445 3110 ab
458 3049 584 3109 lrnslibus
599 3049 658 3109 dird
671 3050 839 3119 vulneratus,
924 3049 929 3059 “

185 3126 264 3187 llunc
276 3128 412 3188 declinat⁸
426 3130 577 3199 medicum,
591 3148 679 3210 quum
694 3129 765 3188 adsit
779 3138 955 3208 praeparatus,

183 3207 327 3289 Languida
339 3209 464 3291 aperiens
479 3228 562 3270 suum
578 3209 658 3270 dulce
676 3208 748 3270 lalus
761 3210 767 3267 l

70 3429 168 3480 «Alitis
186 3446 199 3475 u
217 3444 281 3491 pour·
300 3450 312 3475 a
336 3429 390 3483 alls,
412 3432 470 3481 »du
498 3435 602 3494 propter
623 3430 672 3477 hoc
684 3427 805 3476 vilescant
815 3463 824 3488 ‚
861 3433 926 3485 ete,
951 3445 963 3468 ι

65 3506 84 3541 aa
107 3493 186 3546 «Alc.
208 3493 283 3547 alere,
305 3508 319 3539 r>
343 3492 470 3556 leplurlel
496 3491 599 3556 jusqu'a
627 3492 667 3540 ce'
685 3502 736 3552 que
764 3490 790 3559 je
821 3500 910 3538 rneure
932 3501 964 3536 au

65 3554 105 3604 rle
115 3555 246 3616 singulier·¹
501 3553 594 3604 monde
608 3554 672 3602 dans
684 3565 711 3601 ce
724 3551 800 3599 distr.

78 3630 92 3661 e
117 3616 356 3680 Quantumcumque
383 3620 474 3669 saeaulo
533 3610 898 3675 ¹=.Decliaur,1·dvite‚lult.
1043 3650 1055 3677 Ι
