2324 3960
100 160 144 209 ld!
372 160 412 213 DE
427 156 646 211 nnovlnnntln
662 155 776 208 nlvntn

230 261 268 324 m
278 267 321 335 tu,
333 262 381 341 qui
392 258 532 341 squalidus
544 277 624 350 egres
635 257 798 338 desertaque
809 252 896 319 delles

192 342 279 419 dtric,
289 348 319 403 et
331 347 435 402 exuste
447 358 590 422 proseemu
601 337 781 408 dinteville,

105 434 108 441 '
193 421 290 483 lloune
303 419 393 500 magis
406 419 522 501 propriis
536 439 631 501 posses
643 418 776 499 lacrymas
790 415 855 478 dare
866 414 984 489 demnis,

192 500 223 561 Si
237 498 329 581 petitis
339 506 444 561 vestale
459 499 500 561 tui
512 499 661 582 penetralia
674 499 766 561 cerdis
994 510 1045 558 444

192 578 352 659 inspiceres,
367 579 510 661 metuque
524 579 666 642 ulmetum
678 578 759 641 sorde
772 579 911 652 decerem,

192 656 406 743 Gressantesque
418 658 513 723 hostes
525 660 640 743 captives
653 659 755 723 mentis
768 660 795 722 in
810 659 889 721 ercet

192 737 260 809 Quae
271 739 281 773 ¹
292 738 348 801 nisi
363 760 412 823 per
422 748 536 803 cunctas
549 740 682 821 patuisset
694 739 787 803 dedite
836 745 902 813 4444,
961 764 967 773 ·

191 817 278 898 Inque
291 839 372 881 suem
385 819 492 883 cladem
505 820 610 883 facibus
620 820 741 882 sumente
755 820 772 881 d
807 821 885 891 isset,

192 896 251 959 llec
265 899 359 972 etiem,
374 919 437 984 quae
448 900 519 963 fecte
533 920 619 961 manu
630 900 753 981 speciose
767 900 889 971 luerunt,
992 914 1041 961 444

192 976 291 1040 Deueti
305 979 438 1041 meritum
450 979 547 1072 pepuli
563 986 659 1043 tcstete
673 988 818 1041 manerent
827 983 851 1040 ².

193 1056 250 1121 Sed
261 1079 350 1139 quum
361 1058 477 1123 deformi
488 1067 599 1143 Jeeeent
610 1066 742 1141 prestrata
753 1060 844 1132 ruint,

194 1137 334 1221 Objiciunt
344 1139 538 1203 nobisteusus
548 1146 713 1221 nostrosque
724 1158 855 1221 suesque.
913 1166 916 1171 ·

194 1218 252 1283 llos
263 1219 349 1302 igitur
362 1221 469 1283 cineres
482 1219 661 1309 templorum,
675 1219 735 1281 lrec
745 1219 826 1281 husu
837 1220 993 1359 qutenttlm,

194 1298 263 1370 Quae
274 1308 403 1384 congestu
411 1299 513 1385 jacent,
528 1299 651 1383 populati
662 1298 752 1361 cordis
764 1300 794 1360 in
805 1302 868 1361 aul
994 1313 1046 1361 444

194 1379 362 1462 plangamus
373 1382 479 1464 eeptira
490 1398 605 1447 menusr
617 1398 669 1440 nes
680 1377 976 1470 splendidequcndum

193 1456 263 1520 Vasa
276 1460 336 1534 Dei,
348 1481 400 1524 nos
411 1461 492 1523 ulrum
502 1480 557 1523 ure
567 1466 596 1521 et
605 1476 721 1521 44444444
733 1456 846 1534 Christi,

195 1536 226 1597 ln
239 1539 340 1619 quihus
352 1549 497 1620 argentum
510 1539 623 1623 eloquii,
636 1537 744 1601 virtutis
757 1546 784 1599 et
795 1556 905 1609 eurum,

193 1614 229 1677 Et
241 1637 286 1677 see
307 1624 380 1679 trum
394 1629 505 1701 ceptum
519 1627 562 1681 est
573 1620 662 1683 crucis
673 1626 701 1681 et
712 1618 839 1680 diadema
851 1616 971 1692 decerls5

194 1694 252 1756 Nee
265 1638 368 1786 replicis
375 1696 478 1777 justam
491 1718 652 1759 mereamus
663 1698 818 1780 questubus
831 1697 913 1779 irem,
995 1712 1047 1758 444

194 1774 335 1836 ludicrum
346 1776 484 1857 culpando
496 1776 558 1851 Dei,
572 1776 646 1857 qued
658 1777 760 1839 mentis
772 1778 871 1840 eteris

195 1853 326 1918 Officium
336 1859 346 1895 ⁸
358 1856 445 1917 multi
457 1854 626 1919 transcendit
636 1856 726 1938 majus
738 1856 847 1939 abysse.

235 2013 365 2086 Quamvis
377 2014 477 2097 exigue
490 2013 544 2077 hec
557 2015 689 2097 fugientis
701 2022 825 2100 tempere
836 2017 899 2081 ritae

196 2094 292 2176 injusti
304 2103 439 2171 tumeant,
454 2103 482 2158 et
491 2100 550 2159 tun
562 2114 629 2177 paee
640 2116 755 2159 sucrum

195 2172 788 2258 Laetenturscelerum;nenqueillosvinee
801 2176 891 2249 ulus,
991 2190 1043 2236 444
1082 2182 1088 2190 ’

195 2255 258 2319 Non
270 2277 346 2341 eger,
360 2264 388 2319 et
400 2264 516 2321 noceant
528 2256 620 2333 illesi,
631 2264 660 2318 ct
670 2257 788 2319 erimine
800 2259 933 2329 crescent,

195 2335 253 2397 Nes
303 2337 365 2399 ibus
377 2337 406 2397 in
417 2336 526 2401 Christo
538 2344 603 2398 sunt
613 2336 718 2412 omnic,
731 2346 789 2398 ueri
800 2336 908 2419 eupiunt
920 2350 964 2394 res

196 2416 262 2476 Occi
282 2436 336 2491 uae,
347 2434 410 2495 quae
420 2435 472 2476 nec
484 2416 629 2477 nobiscum
639 2417 794 2480 inteximus
804 2416 866 2489 orti,

195 2493 253 2553 Nee
265 2492 409 2554 discessuri
420 2493 525 2554 mundo
536 2495 739 2577 expectabimus
750 2496 814 2559 isto.

197 2570 253 2634 Sed
265 2571 288 2633 si
300 2571 362 2653 quis
371 2580 496 2654 superest
505 2574 591 2636 enimi
604 2576 692 2658 rigor,
702 2576 873 2639 excutiemus
994 2588 1045 2634 444

197 2650 305 2713 Peceeti
316 2650 415 2713 servile
422 2653 532 2736 jugum,
545 2656 690 2737 ruptisque
700 2656 816 2727 4444444,

196 2730 227 2793 14
241 2730 397 2793 libertatem
409 2741 438 2793 et
448 2735 542 2816 petrice
552 2735 699 2797 redeamus
710 2734 863 2797 honorem:

197 2810 284 2893 impie
294 2831 351 2873 non
360 2810 477 2877 oberunt
486 2834 551 2877 cum
563 2835 637 2879 sere
647 2822 726 2898 pects
736 2820 864 2897 tyranne,

100 3043 181 3156 quitte
192 3041 233 3116 de)
242 3036 292 3094 u'ue
303 3044 367 3095 lutte
376 3045 439 3097 dens
447 3046 557 3111 laquelle
621 3050 633 3079 ⁸
650 3042 804 3109 «objiciunt
813 3044 896 3108 nobis,
909 3063 921 3090 »
938 3043 1045 3094 4144444-

100 3108 108 3157 i
135 3112 173 3158 est
187 3119 246 3155 ram
264 3118 329 3157 ueur
350 3106 461 3161 desinent
480 3108 557 3161 sortir
587 3114 643 3161 tent
653 3108 747 3159 devant
759 3120 805 3159 nes
815 3120 894 3172 ceux,
902 3104 934 3157 ils
944 3107 1045 3170 presen-

98 3118 395 3221 rieterieuxdelalutte.
587 3170 805 3241 mutdnesyeux.
857 3230 862 3241 υ
953 3229 958 3240 .

132 3234 140 3264 r
162 3234 247 3292 «Quae
265 3250 277 3276 ι
296 3244 391 3296 apeur
407 3233 556 3285 antecedent
620 3234 631 3265 ⁴
648 3251 661 3277 ι
675 3232 765 3281 Mentis
782 3237 809 3281 et
825 3243 876 3281 oms
890 3230 1042 3291 officium,-

102 3295 255 3347 44444414.»
587 3296 613 3347 la
625 3293 801 3365 mustacem
821 3292 918 3357 perede,
939 3294 964 3343 le
986 3304 1044 3343 me-

130 3352 236 3408 ’allec
259 3375 271 3401 ·
296 3354 326 3407 de
347 3360 411 3407 cette
431 3354 556 3420 meulere,
588 3354 771 3409 suredenetre
786 3354 948 3429 intelligenec
968 3360 994 3407 et
1014 3354 1046 3405 de

99 3418 210 3491 eiusl-
218 3393 325 3492 «bereti
331 3418 464 3481 meritum,
475 3426 555 3483 sete,
588 3432 635 3472 nes
644 3416 751 3484 paroles.
763 3442 795 3457 ·-
808 3436 819 3463 ι
830 3417 936 3482 iturus·
951 3430 977 3469 se
989 3430 1046 3481 rap·

100 3480 289 3535 subusterment
346 3493 379 3533 ur
405 3482 508 3533 ettesler
532 3480 557 3532 la
588 3476 1048 3554 portes·qu0u·d0ur1’mtteedsm

100 3540 436 3611 uleucunpeupecuue.
589 3542 823 3611 sujectum.-
