2324 3960
473 161 632 215 sanctius
1007 167 1050 217 tic

196 263 285 345 thue
299 263 372 347 polo,
390 263 430 325 sic
462 261 527 325 eDat
539 261 644 339 humo,
655 280 691 323 ne
705 281 752 323 cor
771 282 818 324 ora
831 270 934 337 nostra,

194 342 338 425 Tanquam
347 339 401 405 vile
414 279 517 417 scium,
530 361 620 407 saerus
631 341 684 404 sibi
697 278 819 404 uiniicet
830 342 933 425 hydrus
942 344 969 416 ¹;
998 357 1049 404 130

195 421 250 485 Sed
265 423 314 505 qui
327 429 424 485 cuncta
437 421 511 485 fovet
523 421 604 504 pleni
622 422 723 506 pietate
738 421 906 496 redundans,

193 500 377 586 Omnipotens
391 502 496 565 animas
510 501 611 584 pariter
624 508 769 565 conservet
779 510 808 565 et
822 511 908 566 artus.

192 580 285 646 Altera
295 602 359 667 pars
372 582 475 646 etenim
487 582 553 646 coeli
565 601 672 659 sumus,
682 581 766 645 altera
778 589 868 647 terrae.

234 744 383 806 Annonam
395 740 462 804 fidei
476 758 617 825 speramus
628 760 699 823 pane
715 739 815 803 diurno
825 744 849 815 ¹,

195 821 236 886 Ne
247 840 327 885 mens
337 828 432 885 nostre
445 821 548 883 tamem
561 822 693 884 doctrinae
706 822 807 883 sentiat
820 839 955 905 unquam.
1001 835 1050 885 raa

185 903 218 965 Ἀ
229 903 340 967 Christo
349 901 444 985 jejuna
458 921 520 976 suc,
534 901 582 984 qui
597 920 711 984 corpore
724 908 752 964 et
764 920 812 963 ore
846 940 851 947 .

195 982 252 1045 Nos
264 987 381 1055 saturat,
394 980 477 1043 simui
490 981 549 1073 ipsc
560 1000 675 1044 manens
683 981 854 1063 verbumque
868 980 1013 1064 cibusque.

196 1061 310 1125 Dulcia⁸
321 1081 387 1122 nam
398 1060 510 1123 Domini
528 1061 630 1123 nostris
643 1060 672 1122 in
684 1060 808 1123 faucibus
826 1060 933 1123 haerent

196 1142 324 1225 Eloquia,
334 1150 556 1224 exsuperantque
567 1140 644 1203 favos
655 1149 738 1224 atque
752 1139 846 1203 omnia
857 1138 951 1202 melin.

232 1298 331 1364 Debita
342 1298 425 1361 laxari
439 1298 487 1383 qui
501 1298 581 1362 nohis
594 1305 691 1362 cuncta
706 1315 849 1379 rogamus,
1004 1315 1051 1360 roo

195 1379 252 1443 Nos
262 1399 374 1464 quoque
387 1380 530 1471 laanus3
542 1379 647 1461 proprii
661 1396 726 1438 nam
741 1376 832 1439 cautio
842 1376 922 1441 verbi

195 1459 216 1521 S
236 1460 372 1522 cudentes
385 1459 529 1521 manrfestc
542 1466 629 1534 tenet,
639 1460 653 1500 ⁴
664 1457 831 1540 graviusque
848 1456 933 1521 soluti

220 1540 347 1614 cetimur,
360 1539 473 1602 alterius
487 1538 511 1600 si
521 1536 727 1601 solvercuincla
740 1556 892 1620 negamus;

196 1619 367 1711 incipietque
380 1619 442 1703 pius
459 1617 553 1681 decies
564 1617 676 1680 millena
690 1617 792 1680 talenta

100 1738 103 1743 ·
138 1738 142 1743 -
197 1697 343 1760 Dimrttens
355 1697 502 1779 Dominus,
513 1699 537 1760 si
547 1716 600 1761 nos
613 1697 736 1781 affligere
750 1704 860 1779 propter
1004 1715 1051 1759 roa

197 1776 330 1841 Denarioa
340 1785 454 1841 centum
467 1797 631 1842 consenum
644 1778 763 1842 senserit
776 1777 876 1852 ullum,

195 1856 314 1920 Tradere
327 1856 474 1921 confestim
487 1856 648 1932 tortoribus,
660 1859 746 1943 inque
760 1858 844 1921 feroci

195 1937 310 2000 Cercere
323 1938 465 2000 constricti
477 1957 534 1999 non
545 1938 737 2021 permittemur
745 1937 832 2012 abire,

194 2016 289 2080 Donec
302 2025 401 2081 cuncta
415 2018 527 2082 brevem
540 2018 689 2083 reddamus
702 2017 826 2101 adusque
843 2017 1036 2100 quadrantem.

234 2169 374 2253 Nonquia
387 2188 439 2231 nos
452 2167 597 2244 Dominus,
612 2169 683 2232 lucis
696 2169 752 2246 via,
761 2168 859 2229 semita
870 2167 952 2249 pacis,
1003 2184 1051 2231 roc

196 2250 226 2311 ln
234 2249 350 2331 laqueos
361 2249 493 2311 tentantis
504 2256 578 2333 agat,
596 2249 656 2322 sed,
666 2267 754 2330 quum
768 2246 839 2308 mala
854 2251 969 2308 nostrat

195 2329 314 2408 Deserit,
329 2328 369 2390 ire
381 2328 457 2391 sinit.
472 2328 544 2391 Nam
557 2327 683 2411 quisquis
694 2328 761 2389 retia
776 2324 874 2387 mundi

194 2408 331 2472 Deliciosa
343 2427 474 2490 sequens,
489 2409 572 2472 luxus
590 2414 619 2471 et
631 2407 731 2491 gaudia
746 2406 853 2470 blandae

194 2488 360 2552 Perditionis
374 2496 460 2562 amat,
476 2488 551 2551 Deus
563 2488 653 2563 hunc,
669 2488 776 2551 virtutis
790 2495 907 2563 amator,

196 2569 321 2711 linquit,
336 2576 364 2631 et
377 2568 531 2660 ingreditur
543 2574 554 2608 ⁸
564 2571 619 2661 qui
631 2590 660 2631 se
672 2569 786 2632 tentatio
800 2568 885 2630 ducit.
1001 2570 1049 2629 1³55

198 2646 260 2731 iugi
279 2669 313 2711 us
328 2648 401 2710 hanc
414 2649 498 2731 igitur
506 2648 605 2711 studris
615 2649 745 2727 vitemus,
757 2656 785 2709 et
796 2654 901 2709 arctum

200 2728 288 2793 Corde
301 2734 429 2811 petemus
440 2728 503 2806 iter,
515 2729 608 2791 tenuis
619 2731 673 2811 qui
685 2729 784 2792 semita
799 2734 934 2795 monstrat

198 2808 860 2893 lreperangustemregnaadcoelestiaportam.

135 3006 295 3081 'riiqdrus
310 3025 322 3052 »
337 3006 446 3079 L'hqdre
466 3010 505 3056 cst
520 3017 556 3076 un
626 3007 789 3070 ⁴«5Prcprii
812 3019 883 3068 nem,
905 3013 964 3065 etc,
980 3023 992 3048 ι
1006 3015 1049 3053 car

101 3072 558 3195 tuttrtttttuntnttt
593 3070 1049 3202 ruarturrouuatuuar

101 3194 294 3309 sol¹mri¹⁸liiurno
316 3255 466 3319 »equinam
486 3254 519 3304 ici
541 3254 557 3303 a
594 3199 662 3302 miili
672 3200 1015 3317 1iiiii‘'sicientieiffli‘equimut
1033 3251 1048 3299 o

104 3318 454 3411 ‹qnotidieno‚»quottdien.
596 3319 786 3390 «nosmclosq
1015 3375 1019 3384 ι

158 3380 276 3445 «Dulcia,
283 3386 350 3432 etc.»
360 3380 557 3439 Paaumeurrnr,
625 3381 822 3444 “ringrednur
837 3392 878 3426 »a
897 3386 962 3444 pour
982 3381 1049 3435 supet

103 3455 129 3491 r.
146 3444 326 3504 10³erqu
343 3442 427 3513 drrlcie
445 3438 559 3490 faucibus
594 3443 773 3494 cousentcndu
789 3461 801 3485 «ι
820 3440 883 3490 hic»
896 3452 938 3500 qur
964 3438 1048 3498 repre·

102 3504 166 3553 meis
175 3503 275 3568 eloquia
284 3510 339 3567 tua,
351 3506 470 3565 Domine,
482 3514 557 3564 super
593 3510 664 3556 sonte
692 3506 718 3555 te
738 3503 822 3553 meme
851 3511 976 3564 personne
998 3512 1047 3562 que

105 3564 156 3615 mel
168 3572 193 3615 et
205 3566 291 3617 iarum
303 3568 342 3617 ori
352 3581 417 3616 mco.
428 3584 440 3612 o
594 3586 604 3611 a
617 3566 727 3630 quisqam¹
738 3582 750 3611 n
767 3572 793 3615 ct
806 3584 818 3609 s
830 3565 931 3613 nunes

896 3648 952 3713 tu.
