2324 3960
231 180 278 227 lli
614 173 704 225 5an
720 170 876 223 BERNARD.

236 278 301 331 Jesu
314 274 443 345 stringam
457 271 582 343 vestigia,

239 348 272 401 l]
285 345 374 400 tiendo
387 348 465 413 lluom
480 344 558 412 labia,

237 417 272 472 t't
281 416 360 471 detur
370 414 438 470 milri
452 414 542 483 venia,

237 490 325 560 Atque
339 486 457 558 perlecta
469 488 560 559 gretia.

233 639 308 703 lesu,
323 655 370 694 rex
382 636 546 693 admirabilis

234 711 270 764 Et
283 708 463 791 triumphator
473 708 573 766 rrobills

236 780 354 837 Dulcedo
367 780 519 848 mellaldlis,

235 852 318 908 Totus
332 850 530 922 desiderabilis3

237 1004 313 1059 llane
325 1002 478 1071 colliseum,
492 1000 622 1070 Domine,

237 1075 270 1131 Et
284 1089 333 1129 nos
347 1075 453 1130 illustra
468 1072 582 1140 lumine,

237 1144 319 1201 Pulso
330 1147 419 1201 noctis
430 1144 556 1215 caligine,

237 1217 356 1273 llenlcm
369 1216 477 1288 replens
490 1212 644 1271 dulcedine.

239 1366 353 1434 Quando
366 1383 415 1424 cor
426 1373 550 1425 nostrum
564 1364 664 1429 visitas.

243 1439 321 1494 Tunc
332 1439 405 1494 lucct
417 1440 442 1495 ei
455 1440 564 1500 ueritas,

243 1507 336 1564 Mundi
347 1509 450 1564 vilescit
461 1510 562 1565 crinitas

243 1579 277 1633 ut
290 1578 363 1635 intus
374 1578 459 1637 terret
471 1580 597 1638 charitas.

743 271 819 327 Jesus
832 284 905 325 amor
916 267 1104 327 dulcissimus

743 343 778 397 Et
792 343 854 398 vere
867 338 1062 405 suavissimus,

743 413 807 468 Plus
821 412 920 468 millies
931 411 1114 483 gratissimus

744 483 829 553 Qulm
841 483 933 571 dicere
946 480 1121 541 sufficimus.

745 636 804 692 lloc
816 634 910 707 probat
923 641 972 693 tua
1003 636 1095 708 assio,

744 653 1074 779 llocsanguiniseffirsio,

745 779 797 833 Per
809 794 889 850 qnam
900 777 982 834 nohis
996 780 1162 855 Redempti·

745 848 828 905 Datur
842 848 949 921 Deiquc
963 850 1049 909 visio.

740 1000 833 1056 Jcsum
846 1016 943 1055 omnes
953 1005 1115 1074 agnoscite,

741 1073 833 1127 Jesum
845 1071 974 1128 ardenter
989 1076 1126 1146 quaerite,

745 1144 873 1199 Amorem
887 1143 945 1214 ejus
960 1148 1086 1217 poscite,

746 1213 899 1285 Quaereudo
915 1214 1102 1276 inardescite.

744 1367 790 1424 Sic
802 1373 937 1424 amantem
950 1368 1001 1426 dili
1024 1371 1076 1443 ite,

744 1439 852 1496 Amoris
861 1439 951 1495 vicem
966 1388 1094 1515 reffdite

745 1510 775 1565 ln
787 1509 860 1565 hunc
875 1510 989 1567 odorem
1001 1517 1113 1577 currite
1129 1520 1138 1558 ¹

747 1578 1094 1645 Etv01a2votisreddite.
1156 1612 1160 1623 ·

609 1792 656 1839 ΙΙΙ.
671 1792 720 1841 Μ
735 1793 888 1849 Tertiam.

240 1954 328 2020 lesus,
340 1958 434 2009 auctor
447 1952 609 2025 clementia,

241 2025 336 2082 'letius
351 2025 534 2097 spectantia,

242 2097 366 2153 llulcoris
378 2097 439 2153 lons
451 2104 478 2153 et
493 2097 595 2169 gratia,

241 2168 319 2225 Vera]
333 2169 422 2226 cordis
432 2168 544 2226 delicia.

243 2320 359 2389 Quum³
374 2318 456 2392 digne
471 2319 545 2394 loqui
556 2335 689 2396 nequeam

243 2395 286 2448 De
299 2400 337 2465 te,
348 2398 485 2447 tamenne
501 2394 594 2448 sileam

244 2464 329 2519 Amor
344 2462 408 2519 lacit
422 2469 452 2517 ut
464 2462 587 2534 audeam,

246 2534 337 2601 Quum
349 2532 405 2589 ⁴de
413 2539 441 2589 te
451 2535 539 2590 solum
549 2533 688 2607 gaudeam.

244 2686 320 2755 lesu,
336 2686 374 2741 mi
383 2684 463 2750 hone,
479 2686 591 2742 sentiam

245 2756 354 2814 Amoris
367 2757 407 2811 tui
422 2758 543 2826 copiam3

245 2829 285 2884 Du
297 2825 366 2881 mini
396 2842 426 2881 er
440 2825 610 2897 praesentium

245 2898 330 2956 luem
341 2842 434 2953 vicfere
447 2895 570 2969 gloriam.

744 1956 810 2018 Tua,
826 1956 903 2027 Jesu,
916 1956 1049 2025 dilectio,
1145 1965 1152 1995 ·'

745 2028 826 2084 Grata
838 2029 938 2084 mentis
951 2030 1083 2106 relectio,

744 2099 843 2171 Replct
857 2100 916 2155 sine
930 2100 1044 2159 fastidio

745 2171 817 2226 Dans
827 2167 929 2226 lumem
938 2172 1095 2233 desiderio.

748 2324 800 2407 Qui
813 2332 839 2381 te
852 2333 972 2398 gustant,
984 2330 1115 2392 esuriunt
1122 2354 1132 2407 3

748 2396 801 2464 Qui
813 2396 921 2466 bibunt,
933 2399 1026 2458 adhuc
1040 2405 1143 2464 sitiunt

747 2466 906 2523 Desideraro
920 2473 1065 2544 nesciunt,

747 2538 806 2594 n'isi
817 2537 910 2595 lesum
926 2557 1010 2613 quem
1025 2548 1159 2620 cupiunt.

748 2690 835 2758 Quem
851 2698 913 2747 tuus
928 2698 1110 2759 amorebriat

747 2761 829 2817 Novit
839 2763 904 2835 quid
918 2765 1000 2824 Jefus
1013 2746 1140 2844 sapiatss.

749 2831 836 2899 Quum
850 2833 914 2889 lelix
929 2844 972 2892 est
987 2856 1074 2922 quem
1088 2849 1157 2904 satia

748 2903 809 2960 Non
822 2912 863 2961 est
876 2906 944 2962 ultre
956 2912 1024 2982 quud
1036 2917 1144 2989 cupiat.

280 3144 289 3175 ¹
307 3140 357 3193 «ln
368 3139 439 3192 hunc
456 3140 560 3192 odorem
573 3141 705 3206 currite,·
727 3145 824 3207 Christ,
844 3150 1048 3219 (rutinagum,
1066 3161 1136 3214 dans

248 3270 264 3317 d
275 3269 319 3319 lui.

247 3207 434 3257 attachez-rous
450 3210 476 3253 ct
487 3204 708 3256 conformer-rous
723 3208 842 3271 joumces
856 3213 974 3279 nelasteS,
986 3228 1033 3269 ont
1050 3222 1154 3288 inspire

727 3271 801 3320 noble
814 3278 840 3322 et
855 3287 930 3324 coura
949 3292 999 3327 eux
1016 3285 1158 3339 deu-ouem

280 3333 292 3363 e
310 3351 322 3375 a
332 3330 427 3380 Vota.»
457 3328 513 3378 «Le
535 3328 585 3378 bon
606 3337 708 3393 pasteur
757 3326 771 3363 Β
786 3336 915 3397 «Quum»
930 3291 1061 3406 §touque
1074 3353 1159 3417 quoiq

248 3392 332 3443 donne
351 3407 378 3442 sa
393 3390 433 3439 vie
451 3403 516 3453 pour
534 3404 572 3439 ses
591 3392 705 3443 brebis..
759 3395 770 3425 ⁴
789 3398 1068 3469 «Quun1,»puisque,

248 3456 312 3519 l'oy.
328 3452 463 3505 l'Evande
476 3453 669 3514 saintlean,ch.
680 3469 707 3519 x,
760 3458 771 3487 ⁸

247 3530 273 3566 r.
285 3527 313 3568 ta
331 3520 363 3567 lc
380 3517 442 3565 mete
452 3527 529 3564 asarrs
538 3515 707 3568 douteenvue

248 3592 288 3631 cca
308 3531 463 3641 conclamat
475 3577 614 3643 parolesdc
624 3578 708 3631 lesus·

790 3459 889 3509 «Novit
907 3464 969 3522 quid
993 3466 1070 3522 Josus
1093 3479 1161 3541 sapi

739 3500 861 3570 ,hs-ent.
875 3522 967 3586 uillas),
979 3527 997 3574 il
1010 3540 1160 3593 connaitto

738 3593 850 3632 asareur
861 3583 892 3632 de
901 3583 974 3638 lesus
986 3590 1084 3648 Christ.
