2324 3960
504 168 594 220 SAINT
611 167 694 218 dt'iT.

274 268 311 330 Ut
323 268 435 331 tandem
448 269 526 332 viotae
540 268 648 352 gravior
659 270 795 332 sententia
809 270 879 332 sedit

231 348 375 411 AEtemem
386 350 506 412 tentare¹
520 350 621 412 famem
633 369 682 434 per
695 349 821 412 eriminie
831 369 936 430 escum,

231 429 395 512 Serpentem
409 429 509 492 satiare
520 429 582 491 cibo
595 450 680 513 quern
693 438 815 492 sumeret
828 431 897 514 ipsa,

227 509 334 571 Annuit
347 509 467 587 insidiis,
479 518 506 573 et
517 529 632 591 pomum
646 530 736 572 morsu
749 510 908 573 momordit.
1032 527 1085 574 310

228 589 314 652 Dulce
326 588 401 653 subit
413 591 497 665 virus,
513 590 620 672 eapitur
631 610 706 652 mors
716 590 824 653 horride
838 598 928 675 pastu

228 669 357 732 Continet
369 669 416 732 hio
427 669 550 754 primurn
561 690 611 732 sue
622 670 723 753 gaudie
738 671 851 733 ouliidus
861 669 973 754 anguis,

227 748 441 834 dissimulatque
452 750 541 813 ferum
551 749 664 814 victorie
678 756 770 814 eaeve'
783 751 967 836 triumphum.

461 961 534 1010 vlit.
550 960 624 1043 'ote
639 962 686 1012 Ιιι
702 968 842 1033 eei-peut.

262 1129 334 1194 Tum
348 1128 433 1194 vietor
442 1149 554 1214 serpens
568 1132 719 1203 certamine
732 1133 812 1198 laetus
823 1133 857 1198 eh
869 1135 941 1218 ipso,

221 1211 371 1274 Punioenm
382 1212 505 1294 crispans
516 1232 664 1295 squamoso
674 1214 703 1276 in
713 1216 814 1277 vertice
825 1215 948 1290 eristum,
984 1218 990 1227 '
1020 1231 1071 1279 ere

220 1290 277 1355 Neo
288 1292 347 1374 jem
360 1291 550 1372 d'nsimutens‚
564 1312 648 1375 quem
662 1303 800 1378 presserat
812 1303 875 1359 unte
886 1290 1071 1378 triumphum,

219 1372 315 1434 Aerior
328 1371 442 1435 insultat
456 1372 547 1452 vietis,
561 1380 589 1434 et
601 1373 702 1436 talibus
711 1374 793 1435 infit:
1070 1388 1074 1395 '

222 1452 289 1515 «En
302 1451 435 1514 effectetae
448 1451 526 1514 vobis
539 1460 582 1515 est
592 1452 680 1534 glorie
688 1453 778 1515 laudis

217 1531 345 1612 Reddite,
357 1533 405 1615 qui
416 1551 543 1615 perversu
557 1532 699 1616 simulque
713 1532 795 1596 etiam
809 1532 912 1677 estimo
924 1530 1022 1599 ndetie.

216 1611 319 1675 Cuncta
329 1633 382 1695 ego
391 1611 539 1692 vosdnoui,
548 1632 717 1696 sensumque
729 1633 779 1698 per
788 1613 822 1677 ab
842 1614 879 1677 ita
888 1615 965 1694 duxi,
1016 1629 1069 1678 eeo

214 1696 251 1755 Et
265 1693 460 1785 quodcumque
474 1692 579 1756 malum
596 1693 683 1757 solere
696 1703 794 1757 natura
808 1694 927 1779 negabat

213 1771 333 1851 institui,
348 1781 514 1856 pactumque
525 1794 632 1855 meum,
642 1794 679 1837 ne
692 1774 763 1839 forte
773 1777 892 1859 negetis,

212 1850 337 1931 Servavi,
345 1860 374 1915 et
382 1853 462 1915 tirmt
471 1864 581 1917 uosmet
592 1855 661 1917 mihi
670 1863 744 1918 sorte
754 1856 853 1919 dicavi.

210 1931 268 1996 Neo
282 1933 354 1995 [teus
365 1931 395 1994 in
408 1932 497 2011 uobis,
509 1933 635 2016 quemuis
646 1933 802 1997 foimuverit
810 1943 885 2014 ante,

243 2034 272 2073 m
305 2012 425 2094 tusjurie
437 2012 521 2073 hebet
534 2036 541 2072 :
557 2019 649 2075 tenent
659 2013 734 2094 quod
747 2013 871 2077 condidit
884 2015 962 2096 ipse3
1011 2028 1062 2082 32⁵

271 2033 383 2154 dpdooui
396 2109 508 2151 meeum
522 2097 574 2162 eet,
591 2091 679 2171 major
689 2091 759 2153 mihi
769 2093 857 2173 portio
866 2101 961 2155 restat.

208 2011 242 2075 du

209 2091 270 2164 Quo

207 2171 294 2231 Multo
305 2169 420 2230 creatori
431 2167 550 2244 dehetie3
581 2169 640 2229 lum
654 2169 796 2249 magistro.
810 2193 825 2230 u

207 2247 292 2319 Dixit,
308 2256 337 2308 et
350 2248 379 2307 in
391 2246 483 2308 medit
494 2188 614 2329 trepidos
624 2246 742 2330 ealigine
751 2247 882 2331 linquens

207 2326 260 2388 Per
270 2326 394 2388 medium
404 2325 513 2408 fugiens
524 2325 708 2389 evannitaera
721 2347 831 2411 eorpus.

107 2554 124 2605 a
136 2555 225 2620 glisser
234 2570 278 2608 sur
287 2556 396 2621 tepente
408 2552 451 2621 qui
462 2567 494 2605 va
503 2553 564 2606 l'en-
597 2562 670 2607 ment
678 2555 694 2606 t
703 2569 754 2607 nne
766 2554 828 2606 seim
840 2553 971 2620 eternelle,
980 2553 1050 2607 o’est·
1074 2550 1080 2560 '

107 2619 301 2672 trainerdensie
326 2619 561 2684 recinium-Prone»
595 2618 763 2691 adirequ'en
790 2624 938 2671 renentnne
950 2619 1050 2687 uoueri·

105 2687 144 2731 est
153 2697 189 2754 un
198 2634 438 2755 amnsatiiplnriel«
449 2686 560 2732 neutro»
595 2686 652 2733 ture
657 2633 816 2755 ,orimineile
823 2681 872 2731 elle
881 2681 939 2754 e'est
947 2681 1049 2754 otperto

105 2743 444 2878 deterritum
469 2784 560 2870 „mr
591 2743 1050 2870 tutinrenuerunt

103 2869 254 2919 «sennnda
264 2868 392 2930 tentand13
408 2874 559 2918 »construo
590 2869 820 2927 commeuffamde.
856 2916 858 2921 .

102 2929 155 2979 tion
175 2929 389 2981 tres-ordinaire
409 2942 441 2978 en
465 2929 556 3001 poesie.
621 2931 633 2962 ²
654 2929 1047 2996 «Victoriasevaaequivuure

102 2990 138 3042 La
155 2991 250 3043 femme
271 2991 384 3056 s'exposa
403 2991 556 3042 volontene-
591 2991 696 3043 nviotor
708 3005 819 3043 suune.-
