2324 3960
220 166 266 220 tte

593 166 684 218 snum
699 165 858 219 nummu.

330 266 360 323 Si
374 272 401 322 te
416 265 499 321 sentis

330 335 515 393 Tentamentis

296 405 571 475 Urperidaemcnicis,

332 480 391 534 itur
404 477 532 549 respiras,

331 550 360 606 Si
374 548 497 622 requiras

294 622 405 677 Matrem
417 619 516 676 summi
527 619 637 692 judicis

330 784 397 839 Nam
414 783 559 855 siquando

331 855 368 910 Te
383 854 510 911 tentando

295 924 374 981 Dirus
386 942 498 1007 serpens
514 924 625 995 leserit,

330 996 483 1067 Suspiranti

330 1068 365 1123 Et
379 1067 467 1122 oranti

293 1137 433 1195 Piaiiatcr
446 1137 543 1194 aderit.
621 1205 623 1209 Ι

330 1302 410 1369 Qured
421 1300 443 1356 si
457 1299 525 1355 torte

329 1373 422 1428 Martis
436 1378 518 1444 perta

294 1444 332 1499 Te
344 1443 465 1499 ricinum
479 1442 591 1511 sentias,

329 1515 414 1571 Crede
426 1522 514 1569 tamen

331 1585 408 1654 Quod
417 1584 545 1656 juvamen

292 1656 344 1711 Per
356 1671 415 1711 cem
426 1655 549 1726 recipias.

327 1813 356 1870 Si
369 1817 395 1867 tc
404 1812 478 1868 dates

327 1886 410 1941 Ferre
422 1884 506 1938 mutes

294 1956 438 2028 Culparum
449 1954 644 2027 prementium,

330 2029 403 2084 Hane
413 2043 535 2099 precare,

328 2101 363 2157 m
373 2100 479 2171 placare

293 2173 382 2229 Possis
395 2171 452 2244 ejus
463 2169 561 2226 Filium
576 2185 583 2224 ε

328 2335 393 2389 Nam
406 2334 540 2406 placetum

330 2405 393 2475 Ejus
407 2410 498 2459 natam

293 2473 602 2546 Tunchaberepcteris,

328 2548 357 2603 Si
370 2547 444 2603 fideti

329 2620 415 2674 Mente
425 2617 486 2673 cmii

292 2689 425 2761 Reginam
437 2684 582 2758 rogaveris.

326 2845 433 2918 virgam
444 2845 519 2899 desse
532 2843 553 2904 ⁴,

326 2917 410 2984 Quam
421 2931 537 2987 praeesse

290 2988 400 3047 Cunctis
410 2987 463 3042 scis
472 2985 635 3053 viventibus,

325 3060 441 3131 Supplex
451 3075 498 3114 nra

325 3134 359 3189 Et
370 3132 483 3202 impium

289 3205 362 3262 Totis
372 3204 442 3259 lianc
455 3199 615 3257 visceribus.

840 263 920 318 Hanc
932 261 1063 345 require,

842 334 908 403 Quae
924 334 1018 390 lemre

803 408 880 464 Solet
893 404 980 460 cerda
994 401 1119 461 tristium
1124 420 1133 473 5

840 479 942 533 Certus
955 482 1018 532 estu

840 547 921 615 Quod
932 548 971 603 sit
983 546 1089 619 praestd

803 620 879 676 Votis
894 617 1126 691 supplicantium.

842 783 907 837 Haec
921 780 1024 854 regina

839 856 882 909 De
898 851 983 908 ruina

805 924 898 980 Faciet
910 929 937 979 te
950 939 1073 997 surgere
1083 923 1116 994 ²3

840 996 904 1051 ilaec
915 994 1047 1066 proiecit

839 1067 877 1122 Te
888 1065 1001 1123 directo

802 1136 1052 1196 Dedueetitiuere.

842 1303 904 1371 Ipsa
916 1301 1024 1357 multos

841 1371 900 1427 Jam
915 1373 1043 1441 sepultos

805 1442 883 1497 Fecit
896 1441 1089 1515 reviviscere;

839 1514 905 1568 Haec
917 1513 1055 1571 adversus

841 1585 875 1639 Et
890 1584 1045 1642 subversos

803 1656 897 1711 Potest
906 1657 970 1712 Dee
978 1656 1112 1731 jungere.

836 1819 924 1886 Ipsam
939 1832 1018 1888 ema,

835 1886 877 1942 Ad
892 1885 966 1942 lianc
977 1889 1071 1946 clema

800 1957 893 2014 Curdis
911 1957 1070 2031 desiderio,

834 2029 868 2085 Ut
881 2035 1026 2088 sustentet

835 2102 869 2155 m
880 2108 1038 2171 praesentet

800 2172 839 2227 Te
849 2169 928 2226 beato
941 2172 1012 2229 tilio.

835 2332 912 2387 Hauc
923 2331 1031 2391 siculis

836 2402 899 2457 Veri
913 2403 982 2460 sctis

801 2473 956 2530 Perfrueris
968 2474 1098 2551 iumine;

835 2545 890 2599 Hac
903 2544 1018 2617 adjutus

835 2616 895 2671 Eris
909 2622 987 2673 tutus

800 2686 840 2743 Ab
853 2687 928 2742 omni
940 2686 1111 2750 formidine.

836 2848 893 2901 Hoc
908 2847 1089 2909 credendum

834 2919 867 2973 Et
881 2917 1026 2977 fatendum

797 2988 837 3045 Ad
848 2988 982 3045 lienarem
1000 2992 1137 3062 Domini,

835 3056 912 3126 erdd
926 3059 1054 3131 subjecit

835 3131 973 3202 Quidquid
988 3133 1065 3193 iecit

798 3200 922 3257 Christus
935 3206 1022 3261 matri
1038 3209 1155 3285 Virgini

250 3453 258 3483 ¹
295 3447 434 3509 «virgam
453 3443 556 3492 iesse.»
572 3441 674 3507 Vopea,
702 3455 746 3492 sur
756 3446 822 3491 cette
834 3441 1009 3495 construction
1019 3460 1103 3511 gram
1139 3470 1162 3488 ·‚

268 3514 415 3573 emmaum
432 3513 456 3558 t.

703 3504 765 3567 eale,
776 3518 808 3567 pa
826 3517 840 3553 e
855 3505 912 3564 206,
924 3511 986 3557 note
1001 3514 1027 3559 1.

280 3572 387 3623 «Faciet
395 3578 421 3621 te
430 3581 562 3634 surgere·
580 3566 675 3630 Vener,
734 3568 776 3611 ⁸«
823 3565 1019 3629 annitimini.»
1038 3572 1082 3627 En
1116 3577 1162 3620 ·-,,
