2324 3960
476 184 567 234 SAlNT
583 183 837 234 Bortavan'tttatt.

344 285 444 358 Pedes,
459 305 557 346 manus
571 285 703 359 lambere,
718 284 841 346 flentem
858 289 1023 361 consolari,

345 366 410 427 Tuis
424 365 452 425 in
466 365 609 446 obsequiis
621 365 725 445 jugiter
739 367 850 426 morari
867 369 874 426 ἔ
935 433 943 443 ,

345 536 407 598 Heu
421 539 482 597 me!
501 556 549 596 cur
561 556 618 597 non
631 535 709 596 licuit
723 536 797 596 mihi
814 537 993 600 demulcere

345 617 508 698 vagientem
521 615 677 696 puerulum,
695 623 805 676 etcum
821 617 920 679 tlente
935 619 1023 696 flere,

346 697 412 758 Illos
424 705 499 757 artus
513 705 622 757 teneros
637 696 694 755 sive
708 695 881 775 confovere,

347 776 469 858 Eiusque
482 776 627 837 cunabulis
640 795 750 855 semper
766 777 919 839 assidere!

347 947 427 1018 Puto,
443 947 504 1027 pius
517 946 644 1027 parvulus
657 945 718 1007 laaec
730 965 790 1006 non
806 948 990 1012 abhorreret
999 957 1023 1027 ¹,

349 1026 407 1087 lano
424 1047 501 1087 more
515 1026 621 1108 parvuli
638 1025 729 1086 forsan
744 1025 904 1102 arrideret,

353 1107 388 1168 Et
401 1106 477 1166 flenti
490 1106 655 1187 pauperculo
669 1105 734 1165 llctu
750 1106 941 1182 condoleret,

348 1186 383 1248 Et
396 1186 519 1269 peccanti
533 1185 613 1246 facile
624 1186 705 1245 venit
718 1183 839 1248 faveret.

348 1358 437 1434 Felix,
451 1357 499 1439 qui
513 1365 579 1418 tuno
591 1356 722 1437 temporis
730 1358 814 1417 matri
831 1359 982 1443 singulari

350 1438 488 1507 Potuisset
503 1437 627 1518 precibus
642 1438 676 1496 ita
690 1434 836 1509 famulari,

349 1516 385 1578 Ut
400 1518 429 1578 in
444 1517 487 1578 die
501 1518 602 1577 sineret
614 1515 699 1578 semel
711 1515 835 1577 osculari

348 1597 438 1658 Sarum
453 1596 562 1657 dulcem
577 1594 729 1678 parvulum,
747 1602 832 1677 cique
843 1599 957 1678 jocari!
975 1629 992 1662 a

348 1766 394 1824 Sic
409 1765 504 1825 affecta
518 1764 562 1845 pia
577 1784 656 1825 mens
669 1763 726 1824 sitit
738 1777 957 1845 paupertatem,

337 1843 407 1906 ‚Cibi
423 1844 631 1924 parcimoniam,
645 1844 729 1904 vestis
740 1843 902 1922 uilitatcm;

347 1923 436 1985 Labor
450 1922 476 1984 ci
490 1922 602 1983 vertitur
616 1923 646 1982 in
657 1923 878 2003 jucunditatem,

347 2004 435 2064 Vilem
451 2023 511 2067 esse
523 2001 614 2064 saeculi
628 2002 693 2063 dicit
706 2011 898 2072 venustatem.

348 2177 420 2258 Ergo
437 2176 476 2236 sic
490 2174 632 2235 infantiam
646 2172 746 2240 Christi
759 2178 932 2255 retexendo,

347 2254 427 2316 Horae
442 2255 537 2336 primae
550 2253 688 2314 canticum
702 2256 817 2315 strenue
831 2261 982 2334 canendo,

347 2336 505 2395 Transitum
520 2333 553 2393 ad
569 2333 678 2393 tertiam
692 2331 756 2392 lacit
772 2335 929 2399 recolendo

346 2414 487 2485 Quantum
501 2412 624 2475 Christus
639 2430 734 2494 passus
745 2419 798 2499 cst,
816 2413 956 2482 homines
971 2421 1106 2485 docendo.

347 2585 424 2645 Tunc
432 2604 496 2644 cum
511 2583 577 2644 fletu
590 2581 686 2643 recitat
698 2580 772 2641 illius
784 2582 907 2659 labores,

349 2663 442 2733 Sitim,
458 2663 571 2733 samem,
589 2662 700 2738 frigora,
714 2668 798 2722 aestus
814 2673 841 2724 ct
856 2668 991 2742 sudores,

350 2742 402 2812 Qui
419 2743 564 2821 dignanter
577 2742 687 2821 pertulit
701 2749 812 2821 propter
826 2758 1005 2827 peccatores,

349 2821 420 2881 llum
436 2822 545 2880 illorum
560 2820 646 2881 voluit
658 2822 789 2882 innovare
801 2843 907 2887 mores.

346 2995 404 3055 Vox
416 2996 514 3055 amoris
526 2994 636 3054 llatibus
650 2999 706 3054 tota
719 2994 897 3058 concremata
908 3006 920 3037 ²
934 3023 940 3059 ε

347 3073 407 3148 Oti,
422 3075 464 3136 oci
479 3073 599 3135 clamitat
610 3072 674 3134 Avis
688 3074 749 3135 hauc
759 3072 851 3147 beata,

345 3156 449 3216 lllundo
465 3155 534 3214 mori
548 3155 675 3234 cupienS,
688 3152 767 3233 cujus
780 3153 823 3214 via
840 3157 895 3218 lata

345 3237 395 3305 Cui
410 3235 475 3295 fetet
487 3234 617 3295 saeculum
634 3236 672 3294 sic
684 3240 725 3293 ant
736 3232 855 3297 delicata
864 3238 887 3297 ⁸.

203 3461 209 3489 ¹
232 3478 243 3502 a
263 3457 322 3506 Haec
342 3467 394 3503 uon
407 3452 564 3511 ahhorreret,
577 3472 588 3496 a
601 3465 632 3501 nc
688 3453 700 3483 ¹
718 3471 730 3495 a
745 3456 922 3507 concremata.
938 3478 950 3501 ι
962 3460 1127 3509 Sousenten·

172 3519 340 3582 repousserait
368 3530 411 3579 pa<
445 3530 484 3565 ces
517 3529 634 3578 marqncs
658 3516 691 3565 dn
707 3521 804 3564 aest.»

172 3584 297 3630 d'arnour.
691 3578 725 3619 ἐ
739 3576 858 3638 delicata,
871 3580 1010 3645 »difficile
1020 3584 1127 3647 pentb'r.
