<?xml version="1.0" encoding="UTF-8"?>
<!DOCTYPE html PUBLIC "-//W3C//DTD XHTML 1.0 Transitional//EN"
    "http://www.w3.org/TR/xhtml1/DTD/xhtml1-transitional.dtd">
<html xmlns="http://www.w3.org/1999/xhtml" xml:lang="en" lang="en">
 <head>
  <title>
</title>
<meta http-equiv="Content-Type" content="text/html;charset=utf-8" />
  <meta name='ocr-system' content='tesseract 3.04.00' />
  <meta name='ocr-capabilities' content='ocr_page ocr_carea ocr_par ocr_line ocrx_word'/>
</head>
<body>
  <div class='ocr_page' id='page_1' title='image "./carminaepoetisc01clgoog_0473.png"; bbox 0 0 2324 3960; ppageno 0'>
   <div class='ocr_carea' id='block_1_1' title="bbox 578 167 864 221">
    <p class='ocr_par' dir='ltr' id='par_1_1' title="bbox 578 167 864 221">
     <span class='ocr_line' id='line_1_1' title="bbox 578 167 864 221; baseline 0 -2"><span class='ocrx_word' id='word_1_1' title='bbox 578 170 669 221; x_wconf 67' lang='lat' dir='ltr'>silua</span> <span class='ocrx_word' id='word_1_2' title='bbox 693 167 864 221; x_wconf 69' lang='lat' dir='ltr'>unumne.</span> 
     </span>
    </p>
   </div>
   <div class='ocr_carea' id='block_1_2' title="bbox 336 262 999 591">
    <p class='ocr_par' dir='ltr' id='par_1_2' title="bbox 337 262 766 350">
     <span class='ocr_line' id='line_1_2' title="bbox 337 262 766 350; baseline 0.012 -28"><span class='ocrx_word' id='word_1_3' title='bbox 337 262 442 327; x_wconf 79' lang='lat' dir='ltr'>l&#39;elicos</span> <span class='ocrx_word' id='word_1_4' title='bbox 456 267 522 329; x_wconf 89' lang='lat' dir='ltr'>estis</span> <span class='ocrx_word' id='word_1_5' title='bbox 536 268 630 350; x_wconf 69' lang='lat' dir='ltr'>patriae</span> <span class='ocrx_word' id='word_1_6' title='bbox 644 267 766 330; x_wconf 89' lang='lat' dir='ltr'>coelestis</span> 
     </span>
    </p>

    <p class='ocr_par' dir='ltr' id='par_1_3' title="bbox 336 342 896 419">
     <span class='ocr_line' id='line_1_3' title="bbox 336 342 896 419; baseline 0.007 -16"><span class='ocrx_word' id='word_1_7' title='bbox 336 342 426 419; x_wconf 81' lang='lat' dir='ltr'>Cives,</span> <span class='ocrx_word' id='word_1_8' title='bbox 442 355 604 409; x_wconf 83' lang='lat' dir='ltr'>cunctorum</span> <span class='ocrx_word' id='word_1_9' title='bbox 619 348 704 409; x_wconf 85' lang='lat' dir='ltr'>nescii</span> <span class='ocrx_word' id='word_1_10' title='bbox 719 346 870 407; x_wconf 86' lang='lat' dir='ltr'>malorum</span> <span class='ocrx_word' id='word_1_11' title='bbox 885 354 896 387; x_wconf 91' lang='lat'><strong>¹</strong></span> 
     </span>
    </p>

    <p class='ocr_par' dir='ltr' id='par_1_4' title="bbox 336 421 999 591">
     <span class='ocr_line' id='line_1_4' title="bbox 336 421 999 508; baseline 0.011 -24"><span class='ocrx_word' id='word_1_12' title='bbox 336 421 404 492; x_wconf 76' lang='lat' dir='ltr'>Quae</span> <span class='ocrx_word' id='word_1_13' title='bbox 416 445 467 487; x_wconf 88' lang='lat' dir='ltr'>nos</span> <span class='ocrx_word' id='word_1_14' title='bbox 481 427 623 507; x_wconf 83' lang='lat' dir='ltr'>infestant,</span> <span class='ocrx_word' id='word_1_15' title='bbox 637 429 828 508; x_wconf 78' lang='lat' dir='ltr'>miseramque</span> <span class='ocrx_word' id='word_1_16' title='bbox 844 437 999 508; x_wconf 84' lang='lat' dir='ltr'>praestant</span> 
     </span>
     <span class='ocr_line' id='line_1_5' title="bbox 496 506 734 591; baseline 0.004 -24"><span class='ocrx_word' id='word_1_17' title='bbox 496 506 624 591; x_wconf 80' lang='lat' dir='ltr'>Undique</span> <span class='ocrx_word' id='word_1_18' title='bbox 638 510 734 569; x_wconf 82' lang='lat' dir='ltr'>vitam.</span> 
     </span>
    </p>
   </div>
   <div class='ocr_carea' id='block_1_3' title="bbox 336 687 1004 1013">
    <p class='ocr_par' dir='ltr' id='par_1_5' title="bbox 336 687 880 773">
     <span class='ocr_line' id='line_1_6' title="bbox 336 687 880 773; baseline 0 -22"><span class='ocrx_word' id='word_1_19' title='bbox 336 688 415 751; x_wconf 91' lang='lat' dir='ltr'>Unde</span> <span class='ocrx_word' id='word_1_20' title='bbox 429 712 561 772; x_wconf 73' lang='lat' dir='ltr'>rogamus</span> <span class='ocrx_word' id='word_1_21' title='bbox 574 701 657 773; x_wconf 89' lang='lat' dir='ltr'>atque</span> <span class='ocrx_word' id='word_1_22' title='bbox 671 687 880 772; x_wconf 80' lang='lat' dir='ltr'>supplicamus,</span> 
     </span>
    </p>

    <p class='ocr_par' dir='ltr' id='par_1_6' title="bbox 336 769 739 853">
     <span class='ocr_line' id='line_1_7' title="bbox 336 769 739 853; baseline 0.002 -22"><span class='ocrx_word' id='word_1_23' title='bbox 336 769 372 831; x_wconf 86' lang='lat' dir='ltr'>Ut</span> <span class='ocrx_word' id='word_1_24' title='bbox 385 770 498 833; x_wconf 80' lang='lat' dir='ltr'>foveatis</span> <span class='ocrx_word' id='word_1_25' title='bbox 512 782 594 853; x_wconf 86' lang='lat' dir='ltr'>atque</span> <span class='ocrx_word' id='word_1_26' title='bbox 609 770 739 832; x_wconf 89' lang='lat' dir='ltr'>muniatis</span> 
     </span>
    </p>

    <p class='ocr_par' dir='ltr' id='par_1_7' title="bbox 336 849 1004 1013">
     <span class='ocr_line' id='line_1_8' title="bbox 336 849 1004 936; baseline 0.01 -26"><span class='ocrx_word' id='word_1_27' title='bbox 336 849 448 913; x_wconf 86' lang='lat' dir='ltr'>Vestros</span> <span class='ocrx_word' id='word_1_28' title='bbox 458 872 616 927; x_wconf 83' lang='lat' dir='ltr'>conservos,</span> <span class='ocrx_word' id='word_1_29' title='bbox 632 871 751 933; x_wconf 85' lang='lat' dir='ltr'>quorum</span> <span class='ocrx_word' id='word_1_30' title='bbox 767 872 816 914; x_wconf 87' lang='lat' dir='ltr'>rex</span> <span class='ocrx_word' id='word_1_31' title='bbox 832 873 1004 936; x_wconf 75' lang='lat' dir='ltr'>supervos</span> 
     </span>
     <span class='ocr_line' id='line_1_9' title="bbox 496 931 782 1013; baseline 0 -20"><span class='ocrx_word' id='word_1_32' title='bbox 496 931 567 993; x_wconf 87' lang='lat' dir='ltr'>Cum</span> <span class='ocrx_word' id='word_1_33' title='bbox 581 935 661 993; x_wconf 86' lang='lat' dir='ltr'>Patre</span> <span class='ocrx_word' id='word_1_34' title='bbox 674 942 782 1013; x_wconf 83' lang='lat' dir='ltr'>regnat.</span> 
     </span>
    </p>
   </div>
   <div class='ocr_carea' id='block_1_4' title="bbox 336 1118 902 1422">
    <p class='ocr_par' dir='ltr' id='par_1_8' title="bbox 336 1118 868 1202">
     <span class='ocr_line' id='line_1_10' title="bbox 336 1118 868 1202; baseline 0 -21"><span class='ocrx_word' id='word_1_35' title='bbox 336 1118 554 1181; x_wconf 83' lang='lat' dir='ltr'>Patriarcharum</span> <span class='ocrx_word' id='word_1_36' title='bbox 568 1128 650 1202; x_wconf 81' lang='lat' dir='ltr'>atque</span> <span class='ocrx_word' id='word_1_37' title='bbox 664 1118 868 1201; x_wconf 84' lang='lat' dir='ltr'>prophetarum</span> 
     </span>
    </p>

    <p class='ocr_par' dir='ltr' id='par_1_9' title="bbox 337 1198 787 1273">
     <span class='ocr_line' id='line_1_11' title="bbox 337 1198 787 1273; baseline 0.004 -14"><span class='ocrx_word' id='word_1_38' title='bbox 337 1198 448 1262; x_wconf 90' lang='lat' dir='ltr'>Pollens</span> <span class='ocrx_word' id='word_1_39' title='bbox 463 1209 573 1262; x_wconf 86' lang='lat' dir='ltr'>senatus</span> <span class='ocrx_word' id='word_1_40' title='bbox 585 1201 672 1262; x_wconf 86' lang='lat' dir='ltr'>diluat</span> <span class='ocrx_word' id='word_1_41' title='bbox 685 1207 787 1273; x_wconf 87' lang='lat' dir='ltr'>reatus,</span> 
     </span>
    </p>

    <p class='ocr_par' dir='ltr' id='par_1_10' title="bbox 336 1277 902 1422">
     <span class='ocr_line' id='line_1_12' title="bbox 336 1277 902 1357; baseline 0.007 -16"><span class='ocrx_word' id='word_1_42' title='bbox 336 1277 443 1341; x_wconf 88' lang='lat' dir='ltr'>Sedens</span> <span class='ocrx_word' id='word_1_43' title='bbox 457 1281 487 1341; x_wconf 93' lang='lat' dir='ltr'>in</span> <span class='ocrx_word' id='word_1_44' title='bbox 501 1280 619 1354; x_wconf 76' lang='lat' dir='ltr'>thronis,</span> <span class='ocrx_word' id='word_1_45' title='bbox 635 1280 758 1342; x_wconf 84' lang='lat' dir='ltr'>renitens</span> <span class='ocrx_word' id='word_1_46' title='bbox 771 1282 902 1357; x_wconf 83' lang='lat' dir='ltr'>coronis,</span> 
     </span>
     <span class='ocr_line' id='line_1_13' title="bbox 496 1359 721 1422; baseline 0.004 -3"><span class='ocrx_word' id='word_1_47' title='bbox 496 1361 626 1422; x_wconf 82' lang='lat' dir='ltr'>Vestibus</span> <span class='ocrx_word' id='word_1_48' title='bbox 643 1359 721 1421; x_wconf 88' lang='lat' dir='ltr'>albis.</span> 
     </span>
    </p>
   </div>
   <div class='ocr_carea' id='block_1_5' title="bbox 335 1544 918 1849">
    <p class='ocr_par' dir='ltr' id='par_1_11' title="bbox 335 1544 861 1631">
     <span class='ocr_line' id='line_1_14' title="bbox 335 1544 861 1631; baseline -0.004 -23"><span class='ocrx_word' id='word_1_49' title='bbox 335 1544 409 1608; x_wconf 87' lang='lat' dir='ltr'>Ordo</span> <span class='ocrx_word' id='word_1_50' title='bbox 423 1556 583 1609; x_wconf 88' lang='lat' dir='ltr'>sanctorum</span> <span class='ocrx_word' id='word_1_51' title='bbox 597 1569 647 1610; x_wconf 87' lang='lat' dir='ltr'>nos</span> <span class='ocrx_word' id='word_1_52' title='bbox 662 1547 861 1631; x_wconf 78' lang='lat' dir='ltr'><strong>Apostolorum</strong></span> 
     </span>
    </p>

    <p class='ocr_par' dir='ltr' id='par_1_12' title="bbox 335 1626 827 1711">
     <span class='ocr_line' id='line_1_15' title="bbox 335 1626 827 1711; baseline 0.004 -26"><span class='ocrx_word' id='word_1_53' title='bbox 335 1626 424 1707; x_wconf 80' lang='lat' dir='ltr'><strong>Rogat</strong></span> <span class='ocrx_word' id='word_1_54' title='bbox 437 1628 571 1705; x_wconf 90' lang='lat' dir='ltr'>docendo,</span> <span class='ocrx_word' id='word_1_55' title='bbox 587 1628 676 1690; x_wconf 84' lang='lat' dir='ltr'>foveat</span> <span class='ocrx_word' id='word_1_56' title='bbox 692 1627 827 1711; x_wconf 80' lang='lat' dir='ltr'>regendo,</span> 
     </span>
    </p>

    <p class='ocr_par' dir='ltr' id='par_1_13' title="bbox 335 1704 918 1849">
     <span class='ocr_line' id='line_1_16' title="bbox 335 1704 918 1789; baseline 0.01 -25"><span class='ocrx_word' id='word_1_57' title='bbox 335 1704 411 1765; x_wconf 91' lang='lat' dir='ltr'>Votis</span> <span class='ocrx_word' id='word_1_58' title='bbox 425 1707 579 1778; x_wconf 82' lang='lat' dir='ltr'>intendant,</span> <span class='ocrx_word' id='word_1_59' title='bbox 592 1709 730 1789; x_wconf 87' lang='lat' dir='ltr'>supplices</span> <span class='ocrx_word' id='word_1_60' title='bbox 743 1707 918 1785; x_wconf 82' lang='lat' dir='ltr'>defendant,</span> 
     </span>
     <span class='ocr_line' id='line_1_17' title="bbox 495 1786 739 1849; baseline 0.016 -4"><span class='ocrx_word' id='word_1_61' title='bbox 495 1786 607 1847; x_wconf 88' lang='lat' dir='ltr'>Vincula</span> <span class='ocrx_word' id='word_1_62' title='bbox 621 1792 739 1849; x_wconf 86' lang='lat' dir='ltr'>solvant.</span> 
     </span>
    </p>
   </div>
   <div class='ocr_carea' id='block_1_6' title="bbox 335 1970 921 2062">
    <p class='ocr_par' dir='ltr' id='par_1_14' title="bbox 335 1970 921 2062">
     <span class='ocr_line' id='line_1_18' title="bbox 335 1970 921 2062; baseline 0.012 -30"><span class='ocrx_word' id='word_1_63' title='bbox 335 1970 413 2032; x_wconf 83' lang='lat' dir='ltr'>Pacis</span> <span class='ocrx_word' id='word_1_64' title='bbox 426 1981 607 2062; x_wconf 72' lang='lat' dir='ltr'>augmentum</span> <span class='ocrx_word' id='word_1_65' title='bbox 621 1983 714 2056; x_wconf 87' lang='lat' dir='ltr'>poscat</span> <span class='ocrx_word' id='word_1_66' title='bbox 728 1974 921 2039; x_wconf 78' lang='lat' dir='ltr'>innocentum</span> 
     </span>
    </p>
   </div>
   <div class='ocr_carea' id='block_1_7' title="bbox 334 2050 960 2296">
    <p class='ocr_par' dir='ltr' id='par_1_15' title="bbox 334 2050 960 2296">
     <span class='ocr_line' id='line_1_19' title="bbox 334 2050 960 2136; baseline 0.01 -21"><span class='ocrx_word' id='word_1_67' title='bbox 334 2050 406 2115; x_wconf 82' lang='lat' dir='ltr'>Grex</span> <span class='ocrx_word' id='word_1_68' title='bbox 419 2051 589 2133; x_wconf 83' lang='lat' dir='ltr'>candidatus,</span> <span class='ocrx_word' id='word_1_69' title='bbox 605 2074 674 2136; x_wconf 89' lang='lat' dir='ltr'>quos</span> <span class='ocrx_word' id='word_1_70' title='bbox 688 2074 736 2115; x_wconf 84' lang='lat' dir='ltr'>rex</span> <span class='ocrx_word' id='word_1_71' title='bbox 750 2054 960 2136; x_wconf 82' lang='lat' dir='ltr'>perturbatus¹</span> 
     </span>
     <span class='ocr_line' id='line_1_20' title="bbox 334 2130 792 2218; baseline 0.002 -25"><span class='ocrx_word' id='word_1_72' title='bbox 334 2130 420 2194; x_wconf 89' lang='lat' dir='ltr'>Jussit</span> <span class='ocrx_word' id='word_1_73' title='bbox 433 2135 536 2205; x_wconf 85' lang='lat' dir='ltr'>necari,</span> <span class='ocrx_word' id='word_1_74' title='bbox 553 2144 678 2196; x_wconf 89' lang='lat' dir='ltr'>metuens</span> <span class='ocrx_word' id='word_1_75' title='bbox 692 2134 792 2218; x_wconf 83' lang='lat' dir='ltr'>privari</span> 
     </span>
     <span class='ocr_line' id='line_1_21' title="bbox 494 2213 723 2296; baseline -0.004 -21"><span class='ocrx_word' id='word_1_76' title='bbox 494 2213 620 2276; x_wconf 86' lang='lat' dir='ltr'>Culmine</span> <span class='ocrx_word' id='word_1_77' title='bbox 633 2215 723 2296; x_wconf 82' lang='lat' dir='ltr'>regni.</span> 
     </span>
    </p>
   </div>
   <div class='ocr_carea' id='block_1_8' title="bbox 333 2400 918 2704">
    <p class='ocr_par' dir='ltr' id='par_1_16' title="bbox 333 2400 914 2484">
     <span class='ocr_line' id='line_1_22' title="bbox 333 2400 914 2484; baseline 0.009 -23"><span class='ocrx_word' id='word_1_78' title='bbox 333 2401 558 2484; x_wconf 87' lang='lat' dir='ltr'>Triumphatores</span> <span class='ocrx_word' id='word_1_79' title='bbox 568 2407 590 2472; x_wconf 77' lang='lat'>⁸,</span> <span class='ocrx_word' id='word_1_80' title='bbox 607 2400 703 2464; x_wconf 90' lang='lat' dir='ltr'>mundi</span> <span class='ocrx_word' id='word_1_81' title='bbox 717 2401 764 2484; x_wconf 90' lang='lat' dir='ltr'>qui</span> <span class='ocrx_word' id='word_1_82' title='bbox 781 2408 914 2466; x_wconf 85' lang='lat' dir='ltr'>tenores</span> 
     </span>
    </p>

    <p class='ocr_par' dir='ltr' id='par_1_17' title="bbox 333 2482 866 2564">
     <span class='ocr_line' id='line_1_23' title="bbox 333 2482 866 2564; baseline -0.002 -22"><span class='ocrx_word' id='word_1_83' title='bbox 333 2482 403 2543; x_wconf 84' lang='lat' dir='ltr'>Fide</span> <span class='ocrx_word' id='word_1_84' title='bbox 417 2486 550 2555; x_wconf 81' lang='lat' dir='ltr'>vicerunt,</span> <span class='ocrx_word' id='word_1_85' title='bbox 564 2482 679 2564; x_wconf 77' lang='lat' dir='ltr'>gloriam</span> <span class='ocrx_word' id='word_1_86' title='bbox 693 2492 866 2564; x_wconf 83' lang='lat' dir='ltr'>spreverunt,</span> 
     </span>
    </p>

    <p class='ocr_par' dir='ltr' id='par_1_18' title="bbox 333 2560 918 2704">
     <span class='ocr_line' id='line_1_24' title="bbox 333 2560 918 2701; baseline 0.009 -81"><span class='ocrx_word' id='word_1_87' title='bbox 333 2560 419 2624; x_wconf 88' lang='lat' dir='ltr'>Nobis</span> <span class='ocrx_word' id='word_1_88' title='bbox 435 2570 692 2701; x_wconf 69' lang='lat' dir='ltr'>snorumdpraestent</span> <span class='ocrx_word' id='word_1_89' title='bbox 706 2561 918 2643; x_wconf 87' lang='lat' dir='ltr'>triumphorum</span> 
     </span>
     <span class='ocr_line' id='line_1_25' title="bbox 493 2643 716 2704; baseline -0.018 0"><span class='ocrx_word' id='word_1_90' title='bbox 493 2643 551 2704; x_wconf 88' lang='lat' dir='ltr'>Gau</span> <span class='ocrx_word' id='word_1_91' title='bbox 572 2643 596 2701; x_wconf 94' lang='lat' dir='ltr'>ia</span> <span class='ocrx_word' id='word_1_92' title='bbox 610 2662 716 2702; x_wconf 87' lang='lat' dir='ltr'>secum.</span> 
     </span>
    </p>
   </div>
   <div class='ocr_carea' id='block_1_9' title="bbox 329 2822 955 3127">
    <p class='ocr_par' dir='ltr' id='par_1_19' title="bbox 331 2822 887 2908">
     <span class='ocr_line' id='line_1_26' title="bbox 331 2822 887 2908; baseline 0.007 -23"><span class='ocrx_word' id='word_1_93' title='bbox 331 2822 462 2905; x_wconf 85' lang='lat' dir='ltr'>Impetret</span> <span class='ocrx_word' id='word_1_94' title='bbox 473 2830 571 2884; x_wconf 86' lang='lat' dir='ltr'>votum</span> <span class='ocrx_word' id='word_1_95' title='bbox 584 2823 686 2886; x_wconf 86' lang='lat' dir='ltr'>chorus</span> <span class='ocrx_word' id='word_1_96' title='bbox 700 2827 887 2908; x_wconf 83' lang='lat' dir='ltr'>sacerdotum,</span> 
     </span>
    </p>

    <p class='ocr_par' dir='ltr' id='par_1_20' title="bbox 329 2901 955 2991">
     <span class='ocr_line' id='line_1_27' title="bbox 329 2901 955 2991; baseline 0.018 -29"><span class='ocrx_word' id='word_1_97' title='bbox 329 2901 443 2963; x_wconf 89' lang='lat' dir='ltr'>Necnon</span> <span class='ocrx_word' id='word_1_98' title='bbox 457 2911 619 2964; x_wconf 85' lang='lat' dir='ltr'>cunctorum</span> <span class='ocrx_word' id='word_1_99' title='bbox 636 2913 723 2967; x_wconf 87' lang='lat' dir='ltr'>coetus</span> <span class='ocrx_word' id='word_1_100' title='bbox 737 2907 955 2991; x_wconf 83' lang='lat' dir='ltr'>confessorum,</span> 
     </span>
    </p>

    <p class='ocr_par' dir='ltr' id='par_1_21' title="bbox 329 2981 869 3127">
     <span class='ocr_line' id='line_1_28' title="bbox 329 2981 869 3065; baseline 0.002 -19"><span class='ocrx_word' id='word_1_101' title='bbox 329 2981 433 3046; x_wconf 85' lang='lat' dir='ltr'>Omnes</span> <span class='ocrx_word' id='word_1_102' title='bbox 447 2985 493 3065; x_wconf 89' lang='lat' dir='ltr'>qui</span> <span class='ocrx_word' id='word_1_103' title='bbox 509 2994 617 3061; x_wconf 76' lang='lat' dir='ltr'>gratum</span> <span class='ocrx_word' id='word_1_104' title='bbox 631 2985 688 3048; x_wconf 88' lang='lat' dir='ltr'>Deo</span> <span class='ocrx_word' id='word_1_105' title='bbox 704 2985 869 3049; x_wconf 82' lang='lat' dir='ltr'>famulatum</span> 
     </span>
     <span class='ocr_line' id='line_1_29' title="bbox 490 3065 691 3127; baseline 0.015 -3"><span class='ocrx_word' id='word_1_106' title='bbox 490 3065 691 3127; x_wconf 80' lang='lat' dir='ltr'>Exhibuerunt.</span> 
     </span>
    </p>
   </div>
   <div class='ocr_carea' id='block_1_10' title="bbox 233 3381 1161 3646">
    <p class='ocr_par' dir='ltr' id='par_1_22' title="bbox 233 3381 1161 3646">
     <span class='ocr_line' id='line_1_30' title="bbox 267 3381 1156 3469; baseline 0.036 -44"><span class='ocrx_word' id='word_1_107' title='bbox 267 3383 275 3413; x_wconf 77' lang='lat'>¹</span> <span class='ocrx_word' id='word_1_108' title='bbox 304 3382 482 3459; x_wconf 71' lang='lat' dir='ltr'>«Cunctorum</span> <span class='ocrx_word' id='word_1_109' title='bbox 503 3381 581 3461; x_wconf 72' lang='lat' dir='ltr'>nescii</span> <span class='ocrx_word' id='word_1_110' title='bbox 606 3384 689 3434; x_wconf 83' lang='lat' dir='ltr'>molo-</span> <span class='ocrx_word' id='word_1_111' title='bbox 718 3385 799 3449; x_wconf 76' lang='lat' dir='ltr'>Voyez</span> <span class='ocrx_word' id='word_1_112' title='bbox 816 3386 883 3437; x_wconf 87' lang='lat' dir='ltr'>saint</span> <span class='ocrx_word' id='word_1_113' title='bbox 898 3390 1050 3469; x_wconf 88' lang='lat' dir='ltr'>ltlatthieu,</span> <span class='ocrx_word' id='word_1_114' title='bbox 1078 3411 1156 3463; x_wconf 81' lang='lat' dir='ltr'>cha.</span> 
     </span>
     <span class='ocr_line' id='line_1_31' title="bbox 234 3425 1147 3565; baseline 0.034 -72"><span class='ocrx_word' id='word_1_115' title='bbox 234 3445 491 3557; x_wconf 37' lang='lat' dir='ltr'>rgmffiotmtoyez</span> <span class='ocrx_word' id='word_1_116' title='bbox 508 3444 688 3511; x_wconf 74' lang='lat' dir='ltr'>lnpooalypse‚</span> <span class='ocrx_word' id='word_1_117' title='bbox 718 3461 750 3559; x_wconf 68' lang='lat' dir='ltr'>ua</span> <span class='ocrx_word' id='word_1_118' title='bbox 766 3453 828 3565; x_wconf 48' lang='lat'>{138</span> <span class='ocrx_word' id='word_1_119' title='bbox 832 3448 958 3558; x_wconf 37' lang='lat' dir='ltr'>&#39;l’hymne</span> <span class='ocrx_word' id='word_1_120' title='bbox 974 3462 1096 3522; x_wconf 76' lang='lat' dir='ltr'>Saloete</span> <span class='ocrx_word' id='word_1_121' title='bbox 1117 3425 1147 3539; x_wconf 49' lang='lat' dir='ltr'>‘p</span> 
     </span>
     <span class='ocr_line' id='line_1_32' title="bbox 233 3519 1161 3646; baseline 0.031 -35"><span class='ocrx_word' id='word_1_122' title='bbox 233 3519 247 3556; x_wconf 67' lang='lat'><strong>⁰</strong></span> <span class='ocrx_word' id='word_1_123' title='bbox 266 3568 278 3599; x_wconf 79' lang='lat'><strong>¹</strong></span> <span class='ocrx_word' id='word_1_124' title='bbox 290 3588 303 3613; x_wconf 74' lang='grc' dir='ltr'>ι</span> <span class='ocrx_word' id='word_1_125' title='bbox 312 3544 365 3619; x_wconf 78' lang='lat' dir='ltr'>ilex</span> <span class='ocrx_word' id='word_1_126' title='bbox 374 3568 545 3631; x_wconf 79' lang='lat' dir='ltr'>perturbatus.</span> <span class='ocrx_word' id='word_1_127' title='bbox 556 3588 570 3614; x_wconf 72' lang='grc' dir='ltr'><strong>ι</strong></span> <span class='ocrx_word' id='word_1_128' title='bbox 581 3570 690 3622; x_wconf 79' lang='lat' dir='ltr'>Herode.</span> <span class='ocrx_word' id='word_1_129' title='bbox 718 3523 1073 3646; x_wconf 59' lang='lat' dir='ltr'>p⁸gauriomphatores.»1,02</span> <span class='ocrx_word' id='word_1_130' title='bbox 1086 3618 1102 3640; x_wconf 83' lang='grc'>..</span> <span class='ocrx_word' id='word_1_131' title='bbox 1114 3620 1118 3639; x_wconf 69' lang='lat'>2</span> <span class='ocrx_word' id='word_1_132' title='bbox 1159 3620 1161 3623; x_wconf 87' lang='lat'><em>·</em></span> 
     </span>
    </p>
   </div>
   <div class='ocr_carea' id='block_1_11' title="bbox 0 0 1166 3960">
    <p class='ocr_par' dir='ltr' id='par_1_23' title="bbox 0 0 1166 3960">
     <span class='ocr_line' id='line_1_33' title="bbox 0 0 1166 3960; baseline 0 2"><span class='ocrx_word' id='word_1_133' title='bbox 0 0 1166 3960; x_wconf 95' lang='lat' dir='ltr'> </span> 
     </span>
    </p>
   </div>
  </div>
 </body>
</html>
