2324 3960
314 187 405 238 SAINT
422 184 664 239 BONAVENTURE.

204 283 287 345 Unica
306 284 436 356 suavitas,
450 285 531 345 unica
550 283 677 358 dulcedo,

200 364 332 425 Cordium
349 365 503 425 amantium
521 364 648 426 salutaris
666 364 769 446 praedo,

201 447 302 507 Totum
323 444 456 525 quidquid
473 445 562 505 habeo
574 445 619 505 vel
634 465 706 518 sum,
728 445 777 506 tihi
793 444 873 516 dedo,

200 525 326 605 Denique
344 524 499 607 depositum
514 544 609 585 meum
628 524 676 587 tihi
691 525 812 591 credo.»

203 695 253 759 Oci
271 694 427 755 cantattalc
443 698 511 756 corl
528 695 651 777 gaudens
670 696 700 756 in
718 700 854 777 pressura,

207 775 317 846 Dicens,
334 774 398 855 quia
419 774 536 857 dignum
557 782 608 846 est,
624 785 656 835 ut
680 780 828 836 ocreatum

207 855 342 936 Diligatur
362 855 453 936 opifex
472 855 533 914 talis
554 862 648 916 mente
665 860 744 935 puni,

202 934 236 997 Ei
256 939 364 1015 quum²
379 934 514 995 exstiterit
531 934 566 1009 de
583 953 613 995 sc
627 941 704 996 tanta
721 955 797 998 cura.

210 1103 258 1167 Sic
277 1124 357 1181 mens
374 1105 428 1167 hoc
443 1105 597 1167 diluculum
615 1104 712 1166 transit
727 1104 896 1179 meditando,

209 1184 265 1246 Sed
284 1185 318 1245 ad
335 1185 452 1266 primam
471 1186 638 1247 transferens
655 1204 753 1247 vocem
773 1184 927 1264 exaltando,

205 1265 328 1347 Tempus
347 1264 513 1346 acceptabile
530 1266 575 1347 pie
595 1264 770 1331 ruminando,
847 1289 850 1293 ·

203 1347 235 1407 ln
252 1365 308 1428 quo
329 1345 405 1406 venit
424 1345 559 1407 Dominus
582 1363 664 1406 carne
681 1364 712 1405 se
729 1342 856 1406 velando.

200 1511 278 1572 Tunc
298 1512 427 1593 liquescit
443 1512 535 1573 anima
555 1512 612 1573 tota
628 1532 677 1594 per
692 1520 825 1588 amorem,

206 1591 307 1652 Pavida
320 1591 499 1653 considerans
512 1590 639 1653 omnium
654 1600 806 1666 auctorem,

204 1669 366 1750 vagientem
380 1691 507 1752 puerum,
521 1672 597 1752 juxta
611 1680 737 1734 nostrum
751 1693 869 1750 morem,

206 1749 240 1810 Et
254 1770 350 1812 curare
363 1758 487 1813 veterem
500 1751 569 1814 velle
583 1772 613 1815 sc
626 1753 787 1835 languorem
797 1757 818 1813 ³.

207 1918 321 1981 Plorans
335 1939 402 2001 ergo
416 1919 537 1985 clamitat
551 1943 557 1978 :
575 1943 590 1977 o
606 1919 630 1981 Ο
644 1920 706 1980 tons
719 1920 838 2000 pietatis
882 1964 884 1968 -

205 1997 274 2068 Quis
290 2008 317 2060 te
332 1994 430 2079 pandis
444 1997 535 2058 induit
547 1997 615 2058 dirae
628 1999 813 2080 paupertatis?

207 2078 269 2138 Tibi
284 2077 347 2158 quis
362 2077 501 2137 consuluit
515 2076 554 2136 sic
567 2086 594 2137 te
609 2076 673 2138 dare
687 2079 782 2158 gratis,

212 2156 270 2216 Nisi
286 2156 361 2217 zelus
373 2155 535 2236 vehemens,
550 2159 632 2218 ardor
643 2156 800 2219 charitatis?

204 2323 293 2403 Digne
305 2324 379 2384 zelus
392 2323 543 2384 vehemens
557 2332 600 2385 est
612 2325 658 2386 hio
671 2324 751 2386 ardor
761 2324 860 2407 dictus,

206 2401 294 2494 Cujus
308 2411 350 2464 est
364 2403 508 2465 dominio*
521 2425 570 2466 rex
584 2405 719 2467 coelorum
733 2405 834 2481 victus,

209 2481 293 2564 Cujus
307 2483 408 2544 sanctis
423 2484 542 2545 vinculis
556 2493 651 2564 captus
666 2494 694 2547 et
707 2486 882 2567 constrictus,

208 2561 339 2645 Pauperis
353 2563 482 2634 intantuli
496 2565 595 2645 pannis
609 2571 651 2627 est
665 2565 791 2628 amictus.

204 2733 227 2794 0
242 2732 424 2873 praedulcis⁸l
441 2734 553 2816 parvule
567 2754 636 2816 puer
649 2734 709 2796 sine
724 2736 792 2816 pari,

190 2812 245 2874 lc
258 2814 295 2886 ix,
312 2813 357 2875 cui
372 2813 467 2874 datum
481 2822 533 2888 est,
551 2824 578 2877 te
594 2835 670 2876 nuno
683 2814 843 2896 amplexari,

68 3045 72 3072 ¹
94 3043 174 3092 «Tale
184 3056 320 3099 cor-,aune
329 3045 386 3094 dme
396 3043 495 3095 animoa
554 3045 596 3090 ⁴«
619 3045 752 3110 Dominio,
778 3066 789 3093 ι
812 3049 924 3111 empne,
946 3050 984 3099 in-

75 3105 285 3155 cessentiments.
399 3118 404 3128 ·
523 3106 630 3157 ssuence.

68 3169 74 3197 ¹
94 3187 105 3211 «ι
120 3169 214 3226 Quum.
229 3187 240 3210 n
255 3169 371 3231 puisque,
383 3184 416 3217 vu
436 3182 494 3231 que.
555 3171 566 3201 ⁸
586 3189 597 3213 o
611 3171 631 3218 0
667 3169 789 3229 raedulcis‚
811 3179 859 3221 etc.
872 3190 883 3216 a
894 3173 985 3224 Toutes

68 3230 251 3278 ⁵t‘mnstmisez
271 3246 277 3278 :
301 3251 312 3274 α
335 3231 497 3280 considerans
523 3245 564 3281 ces
576 3185 690 3296 stroplles
707 3239 764 3282 sont
781 3235 985 3295 empreintesdes

68 3293 131 3343 vetto
144 3305 243 3353 curare,
256 3311 267 3334 υ
278 3293 439 3342 considerant
448 3306 496 3355 que
522 3295 672 3346 sentimenta
683 3295 985 3358 laspiustendres.L’dme

67 3354 199 3405 arsura-ist
215 3362 275 3402 veut
288 3356 419 3405 tuimeme
438 3357 496 3417 grid·
522 3356 553 3405 dc
578 3357 644 3409 saint
668 3359 842 3408 ttonaventure
869 3370 895 3406 se
916 3360 986 3420 peint

69 3419 283 3478 .«Sc»estpom²o
293 3418 496 3480 iiluna,»comme
524 3426 580 3468 tout
589 3423 690 3473 entiere
704 3423 767 3470 dans
780 3432 820 3468 ees
831 3417 900 3469 alans
911 3420 986 3471 d’uue

72 3481 154 3529 arrico
176 3478 366 3541 t'nquammeut
388 3480 451 3531 dans
472 3481 497 3531 la
523 3480 984 3545 pittonatveau-dcssusdanmprd-

68 3541 165 3601 lauatio
179 3553 269 3603 moyen
282 3542 338 3609 ripe.
520 3543 595 3607 irrgds
605 3544 748 3608 malgairas.
847 3550 851 3558 ·
