2324 3960
371 171 462 223 SAINT
476 172 592 222 eninm
609 172 649 221 DE
665 170 756 222 notit.

186 268 248 330 Non
263 276 293 330 ut
308 270 432 350 profanas
446 269 551 353 abjicit,
566 270 691 332 nutritos
705 292 771 353 opes
785 297 790 327 :

225 348 296 423 Sed,
314 364 344 414 ut
357 351 445 432 magis
455 371 530 411 caras
556 358 651 412 monet

185 429 268 490 Goeiis
283 430 379 569 reponi
395 430 511 492 creditas
524 399 631 492 diaristo
645 431 719 510 Deo,

224 507 277 579 Qui
294 530 311 591 p
324 530 371 571 ura
384 511 510 591 promisit
524 511 609 582 datis;

185 591 347 671 Contempta
360 597 501 673 praesens1
517 590 560 652 vel
575 591 655 673 magd
669 590 793 672 deposita
806 591 859 652 sihi

224 667 309 730 ltlulto
325 676 358 730 ut
371 669 503 752 rependat
517 670 623 732 foenore
637 677 658 730 ².

185 747 252 809 Sine
264 748 359 812 fraude
370 759 462 811 eustos
473 755 495 830 ⁸,
512 758 590 811 auota
601 748 781 811 oreditoribus

224 827 319 891 Bonus
334 850 387 891 rora
399 829 488 891 reddit
501 830 626 904 debitor;

185 906 325 991 Multtque
337 918 458 993 spretam
474 910 574 991 largior
588 909 735 993 pecuniam

226 987 381 1054 Restituett
397 995 480 1052 usurd
492 989 575 1051 Deus.

186 1067 278 1130 nutat
294 1078 447 1141 vacantem,
465 1070 509 1131 uel
523 1069 691 1142 studentem,
706 1075 733 1129 et
747 1067 885 1140 deditum,

226 1148 257 1209 ln
271 1148 324 1212 hoe
338 1158 519 1233 reponentem
531 1148 640 1225 omnia,

186 1226 236 1298 Ne,
252 1250 357 1311 quaeso,
373 1251 499 1322 segnem,
518 1249 586 1291 neve
597 1248 756 1311 perversum
769 1236 859 1311 putes,

226 1308 266 1370 Ne
281 1312 433 1372 crimineris
447 1310 562 1390 impium
576 1314 598 1370 ⁶.

186 1386 280 1450 Pietas
293 1391 388 1452 abesse
399 1390 552 1452 Christiano
565 1392 631 1470 qut⁷
647 1389 759 1470 potest?

227 1466 351 1550 Namque
365 1474 580 1550 argumentum⁸
597 1479 725 1530 mutuum
740 1477 783 1528 est

185 1544 307 1622 Pietatis,
324 1568 386 1610 esse
400 1548 586 1609 Christianum
602 1573 608 1608 :
626 1557 653 1610 et
667 1548 763 1630 impii,

222 1625 285 1687 Non
297 1647 357 1688 esse
370 1627 480 1694 Christo
494 1628 646 1690 subditum.

183 1704 262 1766 Hane
272 1711 282 1744 ⁹
294 1727 382 1787 quum
395 1714 488 1768 tenere
501 1707 643 1781 discimus,
662 1726 776 1791 possum
790 1705 837 1765 tiiri

224 1785 286 1846 Non
302 1786 447 1859 exhibere,
469 1785 495 1847 id
511 1796 552 1849 est
570 1789 659 1871 patri,

185 1865 236 1927 Cui
253 1873 350 1927 cuneta
365 1875 457 1927 saneta
472 1866 544 1948 jura,
566 1888 626 1929 uara
640 1867 752 1928 nomina

226 1945 332 2007 Debere
346 1966 390 2007 me
402 1948 489 2007 votuit
504 1947 598 2009 Deus?

187 2023 248 2086 Tihi
263 2025 429 2107 disciplinas,
444 2027 617 2109 dignitatern,
631 2027 745 2099 litteras,

226 2104 351 2188 Linguae,
366 2116 448 2189 tege,
462 2109 543 2169 tumre
558 2109 651 2180 deeus,

184 2184 343 2262 Proveotus,
357 2188 437 2261 altus,
453 2188 595 2250 institutus
610 2186 709 2259 debeo,

225 2266 353 2345 Patrone,
368 2278 528 2351 praeoeptor,
544 2277 630 2348 pater.

187 2343 254 2415 Sed,
269 2366 317 2404 cur
331 2358 452 2407 remotus
466 2349 570 2407 tamdiu
586 2347 685 2425 degam
698 2347 790 2428 arguis
803 2351 839 2419 ¹⁰,

228 2422 425 2502 Pioque‘metu
439 2425 594 2483 irasceris¹¹
610 2446 616 2480 ι
1009 2432 1043 2477 80

189 2499 323 2562 Conduoit
334 2506 357 2538 ¹²
373 2501 457 2580 istud,
470 2509 516 2560 aut
531 2518 643 2560 neeesse
657 2506 708 2570 est,
723 2507 770 2558 aut
783 2498 872 2578 planet
883 2504 906 2536 ¹³
920 2522 925 2555 :

127 2652 134 2681 ¹
157 2652 293 2701 «Praesens
305 2666 319 2698 u
333 2655 371 2701 est
391 2654 443 2713 pris
464 2651 551 2699 adver·
581 2648 616 2696 ltn
628 2645 739 2706 d’impte.
751 2647 860 2695 celui-oi
881 2646 961 2696 retem
982 2663 1043 2700 uvoe

90 2711 245 2772 biatement,
266 2719 291 2763 ot
311 2712 407 2774 signitie
431 2712 553 2775 presente·
580 2711 645 2758 toruo
656 2713 720 2758 cetto
732 2712 875 2770 expression
887 2710 972 2758 deson
986 2714 1041 2772 pro-

91 2780 171 2834 mont,
184 2777 247 2825 dans
269 2776 292 2825 tu
313 2780 353 2826 ute
366 2776 488 2838 pre'sento,
503 2777 551 2823 iet·
580 2777 689 2831 eepteur.

92 2837 146 2886 bur.
613 2834 623 2864 ⁷
643 2851 656 2881 u
670 2834 726 2896 Qut,
740 2852 750 2875 a
762 2840 896 2884 comment.

124 2899 328 2949 ¹construisea:
351 2918 361 2942 ‹
384 2905 413 2948 ut
435 2899 554 2962 rependat
613 2899 623 2927 ¹³
643 2902 882 2958 «augmentum»
895 2910 995 2959 preure.

92 2960 173 3010 multo
185 2963 277 3011 toeuore
288 2967 440 3024 oontompta,
454 2982 467 3007 u
488 2968 534 3011 eta.
611 2960 623 2991 ⁹
636 2980 647 3004 a
667 2961 736 3008 tiano
747 2978 758 3003 a
769 2960 974 3010 sous-entendua
990 2963 1043 3024 pio-

125 3023 136 3052 ³
153 3041 165 3065 a
179 3024 236 3072 stne
249 3024 336 3072 fraude
351 3033 441 3085 eustos,
451 3041 465 3072 u
478 3024 552 3087 depo
581 3028 669 3072 tatem.
683 3042 695 3066 u

93 3085 388 3147 sitatressddie,intdgre.
597 3087 622 3115 ¹⁰
649 3104 660 3129 u
683 3088 765 3135 Cur...
791 3087 917 3145 arguis.»
942 3090 969 3135 tu
993 3087 1040 3134 do-

127 3149 137 3178 ⁴
156 3149 310 3198 «destituet.
323 3167 335 3193 u
348 3149 447 3212 ttaotyte
457 3163 489 3198 au
502 3161 552 3212 pre·
581 3149 684 3197 mandes
699 3150 820 3209 pourquoi
845 3150 866 3206 ie
888 3154 926 3197 ris
940 3153 960 3196 si
971 3150 1042 3210 tung-

93 3214 156 3263 mter
170 3211 233 3273 ptrd.
580 3218 662 3270 temps
678 3211 725 3258 totu
742 3210 846 3271 (dotet.)

124 3272 324 3322 t«iluieuest
341 3273 553 3336 teidedeuxspt·
599 3274 621 3303 ¹¹
650 3292 662 3316 e
680 3274 723 3321 Pio
745 3279 813 3320 mmu
835 3272 955 3327 irasceris.
978 3292 990 3315 u
1015 3279 1040 3321 ta

93 3336 173 3399 iubes,
196 3336 219 3384 lu
240 3335 360 3398 premiere
377 3342 414 3386 est
435 3336 518 3396 breve,
530 3338 554 3386 ta
581 3335 706 3385 tondresse
725 3347 787 3395 pour·
802 3337 851 3383 naoi
863 3334 967 3384 s'drnuut
988 3338 1041 3393 jus·

95 3400 201 3448 secondo
213 3403 251 3446 est
261 3396 360 3457 longua.
582 3397 639 3459 qu‘a'r
661 3396 683 3444 ta
703 3398 790 3444 rotem.
803 3398 949 3457 Expresston
966 3398 1041 3446 d’unu

125 3460 137 3490 ⁶
156 3462 297 3522 «impium.
309 3474 323 3506 u
336 3460 403 3509 Noua
424 3473 501 3510 avons
521 3475 554 3510 uu
580 3459 723 3509 do'ttearosse
740 3459 895 3508 etiarmante.

95 3521 253 3583 qu'nusonr,
275 3535 319 3584 par
339 3535 388 3573 une
409 3523 553 3572 distractiou
600 3523 623 3552 ¹²
650 3522 828 3579 oflendunt»
845 3521 961 3570 ostutttr,

94 3585 241 3648 sangenon,
250 3586 319 3637 avait
329 3584 404 3635 tratte'
414 3589 481 3638 estut
495 3587 556 3636 Pau·
601 3585 623 3615 ¹³
655 3602 667 3627 o
678 3584 791 3643 timeto
804 3589 840 3633 ost
850 3585 977 3645 agaunum
