2324 3960
115 197 160 243 160
390 186 432 243 DE
448 186 660 242 enovlnurtrrn
675 186 785 240 olvlttn

209 292 338 356 Criminis
348 298 473 375 expertes
487 291 577 377 aliena
591 289 755 353 occumbere
768 287 866 430 culpd:

207 373 279 434 Nam
292 392 378 455 quum
393 372 520 433 homiues
533 377 634 454 pontus
648 377 762 452 tegeret,
777 368 867 430 decta
881 386 931 449 per
946 367 1043 431 orbem

212 452 295 514 Multa
310 452 464 535 puellarum
476 459 505 513 et
518 471 668 532 puerorum
684 450 769 511 millia
782 456 880 510 notum
894 457 949 512 333.

206 532 264 594 Ν33
278 540 371 595 tamen
385 532 487 614 injuste
499 531 580 592 terris
595 537 720 611 exempta
733 529 842 590 videtur
1012 544 1062 591 373

207 611 357 695 Progenies
371 622 483 673 auctura
497 612 594 685 malos,
609 610 654 672 cui
669 610 773 671 multus
786 610 814 669 in
829 608 890 688 ipso

209 692 300 754 Exitio
315 699 357 754 est
370 692 486 754 collatus
500 691 601 765 honos,
653 690 689 751 dd
703 689 820 750 crimine
831 696 941 769 patrum

209 770 316 837 Occidit
330 770 393 834 a'nto
406 776 455 834 sud
468 770 577 834 caderet
586 791 624 853 qu
641 790 671 831 m
684 771 765 832 noxia
779 769 871 851 culpd.

228 927 308 1001 Quod
317 930 340 991 si
346 937 374 991 et
380 908 612 1072 justumaliqpem
619 928 761 1012 complexa
771 935 814 989 est
822 945 903 1067 poena
914 925 1059 998 malorum,

206 1009 248 1071 Ne
259 1008 370 1071 dubites
384 1008 519 1092 placuisse
558 1028 608 1082 oo:
622 1028 674 1071 neo
688 1009 763 1071 enim
778 1028 848 1069 maa
862 1026 937 1069 mors
950 1013 992 1071 333
1012 1024 1060 1071 373

208 1089 268 1151 Ulla
283 1089 372 1162 bonis,
386 1090 488 1171 quibus
501 1090 574 1150 vario
588 1088 728 1172 longoque
741 1087 846 1160 labore,

208 1166 331 1245 Quilibet
343 1170 372 1231 in
386 1170 511 1252 requiem
526 1177 602 1252 patet
615 1169 715 1239 exitus,-
729 1187 824 1251 aspera
836 1169 924 1228 vitam

208 1248 261 1311 llat
271 1249 328 1330 via,
340 1269 393 1311 nec
406 1270 503 1341 campo
518 1249 634 1332 capitur,
648 1249 696 1310 sed
709 1247 766 1310 line
779 1266 891 1309 corona.

208 1328 310 1392 Verum
324 1350 375 1391 nos
389 1329 497 1392 blandis
511 1328 592 1413 capti,
607 1328 763 1411 offensique
775 1329 888 1398 severis,

207 1408 265 1470 Nec
278 1408 351 1471 bona
362 1410 467 1492 judicio
481 1418 639 1493 spectamus
653 1428 704 1470 nec
718 1407 790 1468 mala
804 1425 879 1468 vero.
1009 1424 1061 1469 333

207 1486 279 1548 Dum
293 1508 350 1549 non
363 1498 518 1551 nostrarum
531 1494 540 1532 ¹
556 1488 677 1553 curanda
689 1487 799 1569 negotia
811 1505 906 1547 rerum

207 1567 391 1647 Suscipimns,
406 1570 578 1651 propriisque
588 1569 685 1651 jurant
697 1567 785 1630 aliena
798 1565 911 1638 relictis,

207 1645 265 1706 Nec
276 1666 445 1727 quemquam
459 1647 532 1708 vitiis
546 1648 690 1722 miserum,
706 1655 752 1708 aut
764 1646 864 1708 virtute
878 1645 991 1709 beatum

209 1727 369 1798 Censentes,
382 1724 504 1787 trustra·
516 1727 635 1794 externis
647 1727 812 1811 culpamque
822 1727 961 1809 decusque

208 1804 367 1888 lungimus‚
382 1812 410 1867 33
423 1805 493 1868 coelo
507 1805 636 1888 adscripti
650 1813 760 1872 terrena
773 1807 908 1877 fovemus.
1010 1820 1061 1868 333

248 1964 354 2028 Felices
366 1965 419 2028 dici
433 1985 495 2028 mos
509 1973 561 2040 333,
576 1986 646 2048 quos
659 1965 759 2029 blanda
774 1973 906 2051 potestas»

208 2045 239 2107 ln
253 2065 378 2108 summos
392 2048 483 2129 apices
496 2047 667 2108 tumidorum
682 2047 772 2110 evexit
784 2048 934 2121 honorum,

210 2125 285 2197 Quos
299 2127 393 2210 magni
426 2135 527 2190 uaestus
539 2127 672 2202 ditdrunt,
684 2135 712 2190 et
722 2126 823 2210 quibus
837 2122 943 2207 amplos

211 2205 269 2269 Gon
289 2207 358 2270 essit
370 2148 475 2270 reditus
488 2215 580 2271 totum
593 2226 638 2268 res
650 2209 660 2244 ⁸
675 2208 736 2270 lusa
751 2227 801 2290 per
813 2205 919 2268 orbem.

208 2228 367 2349 Laudentur
376 2296 466 2351 vestes
480 2288 606 2370 pretiosae
619 2295 647 2350 33
662 2286 774 2380 pulchra
787 2284 920 2375 supellex,
1011 2299 1062 2344 333

207 2367 314 2446 Magnae
327 2369 411 2442 aedes,
426 2369 521 2429 samnii
537 2368 675 2430 innumera
684 2367 837 2449 vigilesque
850 2362 971 2433 clientes,

205 2445 241 2504 Et
252 2445 385 2527 quidquid
399 2466 456 2507 non
470 2456 513 2509 est
526 2456 664 2521 nostrum,
677 2446 816 2529 quodque.
831 2451 862 2504 ut
872 2442 936 2503 dare
950 2441 1040 2522 quirit

206 2522 268 2583 Una
279 2523 347 2596 dies,
362 2523 402 2584 sic
416 2546 470 2586 uua
485 2534 575 2608 potest
588 2527 695 2603 auferre
708 2549 714 2587 :
726 2544 778 2585 333
790 2522 871 2599 illud,

208 2602 288 2673 Quod
297 2603 415 2686 speciale
424 2604 529 2667 bonum
540 2615 581 2669 333
590 2604 709 2669 hominis
717 2602 877 2683 nullamque
891 2599 973 2660 timet
982 2599 1049 2671 vim,

210 2683 347 2766 Amplexi,
362 2684 489 2759 miseros,
502 2686 601 2770 quibus
613 2687 673 2748 hec
685 2682 824 2767 perdentia
835 2680 936 2742 dosunt
1011 2696 1060 2740 333

213 2761 249 2823 Et
262 2783 309 2844 per
323 2763 400 2826 mille
413 2766 510 2827 modos
524 2767 676 2848 pereuntia,
690 2762 827 2827 credimus
841 2784 847 2821 :
863 2758 931 2820 acsi

211 2840 373 2903 iustitiam·
388 2843 473 2905 durus
488 2845 565 2907 labor
578 2854 686 2927 urgeat,
701 2851 730 2906 33
745 2842 823 2904 dolor
836 2839 901 2923 aegri

211 2919 349 3004 Corporis,
364 2932 391 2986 et
404 2932 508 2987 mortes
521 2935 660 3002 natomm,
674 2931 702 2989 et
714 2923 802 3006 turpis
817 2932 937 3004 egestas,

210 2997 272 3060 Non
284 3010 400 3082 quantas
413 3005 499 3086 pariat
513 3014 642 3068 constans
656 3002 803 3067 tolerantia
806 3003 934 3146 palmas,

209 3077 266 3139 Nec
278 3083 332 3160 qud
347 3102 438 3163 pugna
452 3084 542 3146 brevis
554 3085 591 3146 sit
604 3086 804 3167 processurari
825 3101 921 3156 emus;
1014 3095 1067 3142 too

210 3158 266 3220 Sed
280 3158 393 3222 calicem
407 3164 497 3227 crucis
511 3184 542 3226 ac
554 3165 617 3230 vitae
631 3164 717 3228 libare
727 3173 865 3241 verentes,

30 3410 35 3415 -
146 3387 154 3418 ¹
174 3385 253 3437 «Non
264 3392 417 3447 nostrarum,
437 3404 450 3431 ι
468 3387 512 3450 qui
533 3400 566 3439 ne
634 3389 1066 3455 ι333313333(13333,»3333333

112 3455 168 3500 sont
179 3449 355 3513 pointndtreo,
366 3448 410 3514 qni
428 3452 493 3501 noue
510 3457 567 3502 3333
604 3403 797 3504 considerables.
809 3476 841 3492 -
851 3471 863 3499 ι
875 3454 932 3515 Res,
954 3470 966 3498 ι
984 3449 1067 3515 patri·

112 3511 267 3575 strangeres.
416 3572 419 3577 ,
604 3514 699 3564 moine.
1024 3538 1026 3542 >

145 3574 157 3603 ¹
175 3575 310 3641 «Frustra,
322 3593 334 3620 »
348 3574 434 3628 33333.
637 3575 649 3607 ⁴
668 3575 821 3628 «3333333333
833 3594 844 3622 o
855 3589 938 3640 pour«
948 3575 1039 3638 justos.
1052 3591 1064 3619 ι
