2324 3960
395 191 485 240 SAINT
501 192 616 241 retiret
634 191 673 241 DE
688 192 778 242 NOLE.

202 292 325 363 Litteris,
338 293 412 353 unde
425 292 484 353 haee
495 293 554 373 jam
569 301 624 353 turn
637 293 763 355 festinata
775 294 899 355 locorum

202 372 305 435 luvidia
316 377 324 411 ¹
337 374 396 434 est?
407 371 518 432 Utinam
528 372 619 454 justus
632 393 678 434 rue
692 393 803 455 carpere
816 374 887 436 livor
1008 386 1057 429 ¹60

202 452 331 535 Incipiat!
346 451 446 514 Christi
460 452 511 513 sub
526 454 638 513 nornine
653 453 751 534 probra
766 454 923 533 placebunt.

201 532 264 593 Non
277 533 379 614 potitur
392 539 519 593 tenerum
532 553 611 593 mens
625 533 741 594 numine
754 533 832 593 firrua
848 534 1015 614 pudorem.²,
1070 544 1074 549 ’

200 614 236 675 Et
248 614 309 674 laus
322 613 368 673 hie
382 620 539 694 contempta
553 611 624 673 redit
635 613 704 673 mihi
714 612 808 694 judice
821 614 943 676 Christo.

240 772 338 833 Nemo
352 772 447 854 igitur,
459 771 615 832 venerande
628 790 735 850 parens,
750 770 792 831 his
805 778 836 833 ut
848 772 920 833 maie
932 793 1056 850 versum,

199 851 346 934 increpites
360 851 467 922 studiis,
481 871 572 932 noque
586 870 631 910 rnre
646 851 689 910 vei
702 852 819 932 conjuge
833 873 940 933 carpas,
1007 864 1056 908 los

199 931 248 992 Vel
263 931 363 993 mentis
377 931 443 991 vitio
457 936 468 969 ³
484 950 559 991 :uon
575 930 654 991 anxio
669 920 889 1012 Bellerophontis

197 1011 277 1073 Mens
291 1019 343 1088 est,
357 1031 409 1072 nee
421 1011 552 1090 Tanaquil
567 1010 648 1082 mihi,
662 1011 711 1071 sod
725 1010 849 1071 Lucretia
865 1012 977 1093 conjux.

198 1090 254 1153 Neo
270 1091 338 1151 mihi
354 1111 428 1151 nuno
441 1091 521 1172 patrii
536 1098 587 1160 est,
602 1090 694 1163 utris,
710 1090 810 1151 oblivio
823 1091 896 1163 eoeti,

199 1172 251 1242 Qui
266 1192 407 1232 summum
422 1179 550 1252 suspecto
562 1169 670 1241 Deum;
686 1190 771 1251 quem
786 1171 832 1252 qui
848 1171 911 1232 colit
925 1191 1025 1241 unum,

199 1251 250 1311 Hie
261 1254 325 1313 vere
340 1271 446 1311 memor
458 1263 501 1311 ost
515 1250 587 1310 eooti.
603 1249 689 1309 Crede
704 1269 779 1330 ergo,
794 1258 881 1341 pater,
896 1271 947 1312 nos
1006 1260 1054 1307 ¹70

198 1329 256 1391 Neo
270 1332 332 1392 eoeli
346 1332 532 1400 immemores,
547 1349 599 1389 neo
612 1330 702 1389 virere
714 1338 816 1389 ruentis
828 1337 952 1411 egentes,

199 1409 389 1491 Humanisquo
403 1412 522 1492 agitaret
539 1408 617 1469 loeis.
631 1408 728 1469 Studia
743 1409 802 1490 ipsa
817 1411 927 1491 piorum

198 1489 221 1548 T
222 1496 343 1550 estoutur
357 1510 447 1550 mores
462 1490 625 1568 homiuum3
640 1509 691 1549 nee
703 1488 778 1549 euim
794 1489 831 1548 im
853 1489 877 1549 ia
891 1510 1035 1552 summurn

196 1568 273 1630 Gens
290 1568 391 1649 poterit
404 1570 512 1629 novisse
524 1569 624 1629 Deum.
641 1567 725 1629 Sint5
740 1509 973 1645 multaioeorum‚

198 1648 284 1708 uuio
297 1647 444 1706 hominum
457 1648 556 1708 studiis
571 1649 684 1719 inculto,
700 1648 819 1730 expertia
834 1649 937 1730 legum,
1007 1659 1053 1704 ¹75

199 1728 266 1799 Quae
280 1727 355 1818 regio
369 1727 468 1807 agresti
483 1727 535 1786 ritu
549 1730 641 1788 earet?
653 1729 707 1789 Aut
718 1728 785 1809 quid
799 1730 827 1788 in
843 1728 904 1790 istis

199 1807 361 1889 improbitas
375 1807 464 1866 alieno
477 1808 576 1867 noeet‘?
587 1807 659 1876 Quid
673 1816 701 1869 tu
719 1807 788 1868 mihi
802 1815 894 1869 vastos

198 1887 340 1948 Vaseouiae
354 1886 449 1960 saltus,
464 1895 493 1946 et
505 1887 639 1967 ninguida
653 1887 775 1967 Pyrenei

199 1966 302 2047 Objiois
315 1966 455 2048 hospitia?
467 1967 496 2026 iu
510 1987 598 2046 punio
612 1969 689 2046 qrresi
704 1966 801 2028 limine
813 1968 886 2029 tixus

198 2047 327 2129 Hispone
343 2046 462 2127 regionis
478 2066 568 2127 ogeru,
584 2065 636 2105 neo
647 2047 682 2107 sit
696 2048 772 2108 loeus
785 2068 903 2128 usquam
1004 2059 1051 2105 rso

198 2126 273 2188 Rure
284 2126 329 2188 vel
341 2130 408 2187 urbe
421 2125 499 2199 mihi,
513 2145 655 2186 summum
669 2129 723 2206 qut
736 2127 812 2188 dives
826 2128 855 2189 in
868 2128 964 2190 orbem

197 2207 292 2291 Usque
305 2214 380 2290 potet
394 2226 498 2268 mersos
512 2212 640 2289 spectans
652 2205 783 2287 Hispania
798 2208 870 2268 soles
880 2213 910 2270 ⁶!

239 2366 293 2425 Sed
308 2366 408 2425 tuerit⁷
421 2367 539 2435 fortuna,
551 2367 625 2445 jugis
640 2366 775 2428 habitasse
789 2370 926 2429 latronum
940 2392 947 2429 :

197 2443 260 2503 Non
275 2445 330 2502 lere
344 2443 484 2502 barbarico
496 2444 579 2519 rigui,
595 2453 714 2504 mutatus
728 2447 756 2505 in
770 2449 853 2530 ipsos

198 2527 273 2583 tuter
284 2542 353 2602 quos
366 2520 469 2600 habito,
483 2517 557 2582 soeit
571 2523 688 2598 feritate,
703 2525 825 2588 colonos.
1004 2543 1052 2587 ros

198 2601 260 2662 Non
274 2601 372 2682 recipit
383 2621 460 2663 mons
475 2621 541 2684 pura
555 2602 670 2671 malum,
685 2623 776 2685 neque
791 2607 896 2671 levibus
908 2610 1015 2672 haererrt

178 2683 182 2691 '
197 2682 332 2771 inspersus
343 2681 440 2743 fihris⁸
455 2682 570 2742 moeulae
584 2705 591 2741 ε
606 2683 646 2742 sio
657 2682 780 2746 Vascone
793 2688 864 2748 saltu

200 2759 329 2842 Quisquis
342 2762 400 2844 ogit
413 2782 497 2843 purus
509 2762 620 2825 sceleris
633 2763 717 2824 vitum
729 2763 800 2827 iuter
813 2768 934 2850 iniquos,

138 2924 146 2954 ¹
167 2940 180 2969 (ι
192 2922 316 2973 Festinato
333 2922 437 2982 inuidia,
447 2938 461 2969 u
476 2934 560 2986 repro·
622 2923 633 2952 θ
651 2923 806 2974 Construisez
819 2941 827 2975 z
841 2926 1053 2989 «qutdivesttts-

105 2986 151 3038 ohe
167 2987 280 3048 anticipo.
587 2987 973 3049 pauiu‚speetansmersossotos.
983 2997 1053 3054 patet

137 3049 149 3080 ²
168 3064 181 3094 u
191 3048 245 3097 Non
266 3050 389 3111 potitur...
402 3046 559 3110 pudorem.»
588 3061 667 3110 usque
676 3051 700 3096 iu
709 3047 941 3101 orbemsummum.
954 3071 965 3096 a
978 3073 989 3097 «
1002 3056 1052 3104 01-

105 3113 172 3162 Beuu
183 3123 238 3160 vers
247 3113 289 3173 qui
302 3113 412 3173 exprimo
424 3122 474 3158 une
485 3110 562 3159 verite
588 3110 644 3159 hem
664 3123 824 3170 summum,»
847 3113 997 3164 t'extrtmlte
1007 3154 1015 3177 ,
1027 3116 1052 3166 ta

104 3176 243 3235 irrepente.
587 3175 666 3234 partie
683 3172 708 3221 lo
722 3174 778 3234 plus
796 3176 895 3224 reeu!e'o
918 3178 949 3226 de
970 3176 1052 3227 t’uut-

138 3238 149 3268 ⁸
168 3253 182 3283 α
192 3236 275 3297 Neque
284 3248 354 3287 me...
366 3234 436 3292 vitio,
448 3247 462 3279 »
477 3243 509 3281 ne
521 3245 562 3282 me
587 3248 654 3285 vers.

104 3300 189 3350 httme
200 3302 280 3361 point,
289 3301 337 3349 soit
351 3300 450 3349 teause
461 3295 490 3344 rte
502 3307 561 3344 mon
620 3324 630 3353 r

106 3362 209 3437 egtouso,⁸
216 3364 263 3410 soit
273 3361 289 3408 t
300 3374 374 3411 eouso
383 3359 414 3408 de
424 3357 449 3406 lu
458 3357 563 3431 (preten-

105 3422 529 3550 “r§retrusurus

129 3548 150 3578 ·¹
168 3548 561 3615 «stntumurqueieiuueeon-
620 3547 630 3576 ⁸
659 3564 672 3587 r
695 3546 800 3597 Levibus
830 3546 916 3607 tibris,
938 3566 949 3592 n
974 3548 1050 3600 fiores

97 3624 206 3665 miore
588 3608 666 3668 lisses,
684 3610 762 3671 potios

649 3322 716 3373 «seo
726 3323 811 3381 tuerit,
823 3330 879 3382 oto..
892 3345 903 3369 r
921 3330 986 3376 mais
1008 3329 1052 3377 od-

587 3392 697 3435 mettons
716 3399 765 3446 quo
781 3387 884 3445 j'lurbite
901 3390 944 3438 des
970 3404 1051 3439 mon-

587 3454 672 3511 tegnes
693 3448 822 3499 oiri-irent
852 3450 895 3498 rtes
917 3451 1047 3513 brigunrts.
