2324 3960
158 176 202 229 tto

431 178 473 233 Dii
487 176 698 232 rnovtnuttctt
714 172 827 229 utttttt

248 274 311 340 llon
325 276 416 341 honor
429 278 559 360 innuptas
572 277 678 339 devotae
692 272 864 359 virginitatis,

287 356 345 419 Nee
359 359 427 421 terit
439 358 538 419 viduae
549 355 703 438 relligionis
716 376 803 419 amor.

247 437 302 519 lpsi
314 437 430 501 desertis
443 438 492 521 qui
505 437 590 499 vitam
602 438 700 501 dueere
714 439 744 499 in
758 436 845 498 antris

286 518 415 587 Sutrant.
427 518 573 580 laudantes
589 530 671 580 noete
685 518 785 600 dieque
799 517 899 594 Deum,
1066 521 1099 567 5⁰

247 595 309 657 Non
324 598 407 659 aliern
420 598 530 660 subiere
543 618 653 675 neeern,
666 602 749 681 quim
763 596 882 681 quisque
896 594 1027 678 profanus
1042 616 1050 655 ε

285 676 362 740 idem
373 678 453 740 turbo
464 679 554 741 hunos
566 678 676 740 sustulit
688 688 771 759 utque
785 677 884 738 melos.

246 754 326 817 Nulla
341 759 496 820 sacerdotes
509 760 660 820 reuerentia
675 758 795 820 nominis
808 757 872 818 almi

286 837 418 899 Discrevit
432 839 526 899 miseri
537 838 680 921 suppliciis
693 838 804 921 pepulit

245 915 291 977 Sto
303 918 384 979 ¹duris
397 918 461 980 oaesi
474 918 579 1001 flagris,
594 920 633 980 sie
647 921 713 999 igne
726 917 843 1001 perusti,

285 995 399 1059 inclusae
413 998 511 1060 vinelie
528 999 568 1060 sio
581 1004 714 1080 gemuere
727 1016 836 1059 manus.

243 1072 285 1136 'l'u
296 1088 426 1159 quoque¹
461 1079 598 1151 ultorem,
609 1079 728 1160 plaustra
742 1079 814 1139 inter
827 1083 855 1137 et
866 1088 941 1136 erma
954 1071 1097 1143 Getarum,

284 1156 419 1239 Carpebes
433 1100 529 1219 durum
544 1178 600 1218 non
614 1158 673 1219 sine
686 1159 758 1220 fasee
773 1158 856 1226 viam,

243 1236 336 1309 Quum
350 1258 427 1300 seeer
439 1238 484 1299 ille
495 1258 580 1300 senex
594 1238 712 1318 plebem,
725 1243 786 1299 ustd
800 1239 897 1319 pulsus
911 1234 943 1296 ab
956 1228 1046 1303 urbe,-

283 1318 340 1379 Geu
355 1328 446 1400 pastor
459 1319 559 1379 laoerue
573 1316 685 1378 duseret
698 1318 775 1378 exsul
789 1338 866 1378 oves.
1064 1317 1099 1361 ⁶0

244 1399 351 1460 Verum
365 1400 425 1461 haee
438 1396 490 1460 snb
502 1397 567 1459 belli
581 1396 713 1458 sileantur
724 1397 831 1457 lumine
843 1403 933 1476 gesta,

283 1477 411 1540 Confusio
424 1479 556 1561 quoniam
572 1477 692 1538 nonfuit
705 1476 772 1538 onio
786 1476 883 1536 malis:

243 1554 323 1637 Forte
337 1558 440 1618 etenim
453 1557 573 1638 placidas
587 1576 630 1619 res
643 1557 741 1619 mundi
752 1566 780 1618 et
791 1564 914 1638 ternpore
928 1555 1004 1638 paris

283 1634 389 1694 Arbitra
401 1636 532 1716 dignetur
546 1650 659 1697 eernere
672 1658 737 1698 eura
750 1637 812 1698 Dei.

245 1714 275 1776 Si
288 1722 403 1775 eunetes
416 1734 505 1775 annos
516 1722 639 1775 veterum
652 1716 805 1776 reeolamus
818 1736 942 1791 avorum,
1059 1727 1093 1770 65

284 1794 319 1855 Et
330 1794 463 1876 quidquid
478 1794 566 1875 potuit
579 1802 671 1855 nostre
681 1795 780 1855 -videre
793 1796 852 1857 dies

242 1874 378 1936 Maximus
389 1874 499 1956 injustis
512 1874 589 1935 loeus
603 1874 758 1935 invenietur
771 1874 799 1933 in
815 1875 891 1949 orbe,

240 2034 263 2106 Q
281 1954 424 2095 Oppressis
438 1960 530 2015 autern
545 1972 607 2034 pers
618 1972 703 2034 prope
716 1954 793 2014 nulla
805 1955 898 2016 honis.

265 2055 292 2095 ui

279 2115 364 2197 Cujus
375 2114 457 2177 eorde
470 2113 540 2175 lidee
554 2112 677 2187 cesserit,
690 2132 739 2174 ore
752 2113 853 2195 pudor,
1058 2123 1094 2170 70

240 2194 321 2258 llune
334 2216 432 2258 omnes
444 2194 589 2274 mirentur,
602 2201 706 2267 amant,
724 2203 895 2267 reverentur,
908 2190 1059 2268 honorant,

280 2276 350 2338 Heio
364 2276 467 2338 summi
481 2274 583 2348 lasees,
594 2273 662 2335 huie
673 2270 831 2335 tribuuntur
839 2292 917 2355 opes.
972 2317 975 2322 -

239 2354 319 2426 Quod
335 2358 358 2417 si
373 2359 434 2447 quis
443 2357 534 2437 justus
547 2360 650 2416 eastern
662 2361 690 2415 ut
700 2354 762 2416 sine
777 2354 893 2416 uimine
904 2352 999 2426 vitem,

279 2434 411 2495 Dissimili
426 2434 517 2495 studio
534 2434 635 2495 ducere
649 2434 790 2507 maluerit

238 2510 289 2571 iiie
299 2511 461 2582 inhonorus,
475 2511 672 2593 impendium
682 2513 872 2597 juvenumque
884 2528 1088 2594 senumque‚75

277 2590 307 2650 ln
322 2590 387 2651 totis
404 2588 502 2651 mundi
517 2592 639 2673 partibus
653 2592 733 2654 exsui
747 2594 815 2675 egit.

238 2669 343 2749 impius
357 2668 460 2731 exultat
478 2671 592 2733 maturis
604 2673 712 2752 integer
725 2675 819 2749 annis,
899 2712 902 2717 -

277 2750 395 2831 Carpere
409 2768 464 2809 non
478 2760 586 2812 cessant
599 2751 690 2813 ulnera
704 2751 763 2814 dire
776 2753 866 2835 pium.

236 2827 315 2890 Falsa
328 2828 421 2889 valent
436 2828 464 2889 in
475 2828 598 2909 judiciis,
612 2839 640 2894 el
652 2852 717 2893 vere
730 2832 866 2907 laborant,

276 2907 401 2970 insontes
417 2908 542 3051 respuitur
554 2929 647 2991 poena,
659 2912 787 3003 salusque
802 2932 875 2975 reos.
1055 2930 1091 2976 an

313 2036 384 2096 uerit
396 2034 543 2107 violentus,
555 2040 642 2105 etrus,
657 2042 792 2107 versutus,
805 2050 914 2105 avarus,

132 3037 136 3045 .
235 2990 361 3070 ignorata
375 2988 451 3071 piisi
474 2987 665 3057 uditadultere
676 3010 772 3067 saeris,

275 3067 458 3150 Blesplremus
471 3077 529 3130 tem
548 3068 566 3130 li
578 3069 674 3131 limina
689 3078 764 3132 tutus
775 3071 842 3134 edit.

235 3145 303 3221 Qum
315 3148 338 3209 s'i
352 3168 417 3209 eura
431 3147 482 3210 Dei
493 3089 565 3210 sellu
578 3156 713 3232 spectaret
726 3150 760 3211 ab
772 3170 834 3213 eree

275 3226 384 3310 llesque
397 3236 492 3310 ageret
504 3236 612 3293 nostras
624 3226 676 3291 sub
692 3228 798 3292 ditione
810 3234 860 3293 sul

168 3485 176 3515 l
196 3504 208 3531 ι
228 3486 268 3537 Tu
286 3495 395 3549 quoque,
416 3501 427 3527 ι
446 3486 492 3534 ete.
511 3482 593 3546 Argu·
624 3479 739 3531 tardeau.
755 3504 786 3516 -
799 3498 811 3524 «
828 3481 979 3547 Puluerens,
992 3502 1004 3530 ι
1017 3498 1085 3542 eon.

133 3552 205 3599 ment
214 3546 251 3597 nd
262 3546 400 3600 tomitem.
411 3570 440 3585 ·-
463 3543 591 3609 «rasm-
626 3548 682 3593 vert
692 3542 723 3593 de
735 3543 873 3608 poussiere.
