2324 3960
428 185 519 235 SMNT
535 186 662 236 outuut'.
990 187 1031 234 187

177 286 232 358 Qui
245 305 328 349 sanus
342 293 523 368 metuensque
536 284 617 360 nihil,
633 285 682 367 qui
694 292 787 347 mente
818 285 901 358 niati,
979 303 1028 346 255

217 366 270 438 Qui
283 366 348 439 sibi,
362 366 431 429 dom
444 366 520 439 ririt,
534 366 696 447 dempserit,
710 364 756 428 ille
769 306 864 435 dodim

176 446 313 529 Quodque
325 446 377 507 sibi
391 446 522 527 dempsit,
538 446 637 508 moliris
645 444 815 527 reparabitur
828 444 867 505 iili
880 466 886 504 :

215 526 324 608 Integra
338 547 404 588 mox
414 527 515 607 capiet,
526 526 575 606 qui
589 525 706 608 peritura
721 525 805 586 dabit.

175 603 291 669 Condito
305 626 371 667 nam
382 606 453 668 ooelo
467 626 524 667 non
538 606 592 678 sur,
609 625 666 666 non
678 605 783 667 auferet
795 605 892 679 hostie,

213 685 276 747 Non
291 687 364 749 tinea
376 695 423 747 aut
436 686 545 767 plurim,
562 685 729 767 flammaque
740 693 833 767 carpet
843 686 932 748 edax:
975 706 1026 750 reo

174 763 251 827 Coelo
264 773 358 829 autern
369 766 482 839 condes,
499 765 634 848 quidquid
648 785 696 857 pro
707 767 820 827 nomine
832 764 943 840 Christi,

213 845 355 909 Christum
369 846 528 928 respiciens,
547 847 711 928 pauperihus
724 845 839 906 tribues.

173 923 237 999 Qui,
244 934 314 1067 post
324 936 473 1008 assumpta
487 927 577 988 earnis
586 924 725 1007 mysteria,
739 925 822 986 dicit:

217 1027 232 1066 o
267 1005 681 1085 estiorinmudiapuhlevorin
694 1005 813 1075 miseris,

174 1082 272 1147 Visitor
283 1087 312 1148 in
325 1085 440 1161 claudis,
454 1106 535 1147 ouror
546 1086 673 1165 confotus
685 1085 714 1147 in
728 1087 820 1168 egris,
974 1104 1023 1146 uos

212 1165 334 1247 Adjuvor
344 1168 373 1231 in
384 1167 483 1249 pervia,
500 1174 628 1248 protegor
642 1167 670 1228 in
680 1166 790 1237 viduis;

173 1243 414 1386 Etppuodoumque
424 1246 492 1308 {heis
504 1246 622 1320 miseris,
633 1247 678 1308 vel
692 1265 748 1306 non
759 1243 835 1316 faois,
848 1241 915 1303 iliud

235 1326 299 1389 rede
310 1327 379 1389 mihi
393 1327 466 1401 fieri,
480 1326 523 1389 vel
537 1326 607 1387 mihi
621 1346 678 1387 non
691 1324 762 1384 heri.
777 1346 792 1383 u

172 1403 212 1464 ho
224 1425 261 1467 ne
277 1410 438 1488 pauperiem
451 1425 556 1489 pauper
569 1405 739 1489 protendere
753 1403 853 1486 possis,

213 1482 247 1545 Ut
258 1487 353 1549 oolor¹
369 1487 480 1569 injusta
492 1487 573 1548 detur
584 1484 715 1559 avaritia,
968 1499 1016 1544 ero

173 1560 203 1623 Si
216 1564 265 1627 tibi
278 1586 336 1628 non
348 1568 451 1629 fuerint
462 1573 589 1648 sumptus
602 1585 672 1647 quos
686 1564 785 1647 quaerit
806 1582 921 1647 egenus,

210 1642 273 1706 Non
285 1646 373 1721 oihus,
385 1654 432 1710 aut
444 1647 532 1709 oalida
544 1653 598 1720 est,
614 1649 668 1727 qut
680 1644 814 1723 foveatur,
832 1665 912 1726 aqua,

171 1720 263 1793 Quum
279 1727 367 1807 poscit
375 1724 485 1809 gelidus
493 1726 591 1801 sitiens
603 1726 655 1787 suh
669 1724 782 1789 nomine
797 1724 908 1798 Christi,

211 1804 325 1867 Oblatas
338 1807 437 1888 poterit
449 1807 563 1889 praemia
575 1806 646 1867 serre
660 1805 730 1867 oalir
739 1811 761 1866 ².

171 1880 239 1959 Hoo,
251 1906 306 1967 quo
316 1887 435 1969 quisque
448 1893 538 1966 potes,
551 1887 684 1949 miserum
696 1887 785 1948 solare
800 1894 956 1971 rogantem,
972 1904 1023 1949 275

209 1964 254 2041 Et,
270 1966 294 2027 si
309 1966 447 2029 defuerint
461 1984 586 2040 munera,
602 1974 667 2029 vota
681 1967 781 2039 dahis;

170 2042 232 2124 Ipsa
244 2048 349 2109 etenim
360 2057 426 2111 auto
439 2046 529 2109 Deum
541 2066 598 2109 non
612 2054 655 2109 est
669 2047 789 2129 peritura
801 2048 938 2121 volontas,

210 2125 241 2187 Si
255 2126 328 2189 hene
341 2146 398 2191 non
409 2126 520 2209 poterit,
536 2126 585 2210 qui
598 2127 724 2191 benerei
737 2126 841 2208 cupiet.

387 2314 451 2363 m.
466 2316 584 2367 Comme
599 2315 812 2379 l’tvroqnerirr.

171 2452 313 2536 Praeoipud
323 2446 400 2536 largo
411 2474 494 2521 venas
504 2458 671 2543 perfundere
684 2457 749 2519 vino

209 2534 330 2616 Respue,
344 2554 380 2596 ne
392 2538 492 2619 raptim
505 2541 570 2601 vina
583 2559 690 2602 venena
701 2538 790 2600 suant.
971 2554 1023 2600 aee

168 2615 203 2677 Ut
215 2615 309 2676 nimiis
320 2615 429 2696 quoties
441 2619 499 2681 sitit
512 2619 625 2682 metibus
637 2618 711 2681 arida
725 2618 807 2680 tellus

207 2694 301 2787 Soters
314 2695 342 2756 in
355 2694 460 2759 fruetus
472 2718 556 2780 quam
570 2706 648 2789 parat
658 2698 789 2781 agricola,

167 2775 198 2836 Si
206 2778 287 2916 pride
302 2776 410 2837 evulsae
424 2780 508 2858 qutun
519 2777 561 2839 sol
576 2786 729 2841 mterneoet
742 2777 853 2853 herhas,

218 2864 325 2917 rrorent
336 2854 462 2917 madidos
474 2860 485 2894 ³
498 2856 594 2918 nubila
607 2857 692 2919 densa
703 2859 771 2931 dios,

169 2936 295 2997 Protinus
312 2942 445 2997 eteontes
457 2945 485 2997 et
498 2936 623 3017 gramine
636 2938 720 2999 noxia
732 2938 825 3005 messi,
968 2956 1018 3000 aas

206 3015 366 3078 Seminibus
377 3015 469 3085 vietis,
481 3018 556 3076 heu!
573 3017 646 3078 maid
660 3017 722 3076 laeta
735 3021 745 3055 t
760 3016 848 3090 feret3

165 3093 284 3176 Corpora
298 3095 338 3156 sio
352 3094 440 3155 multo
454 3093 557 3156 fuerint
568 3116 630 3177 quoe
644 3094 735 3156 dedita
749 3096 824 3171 vino,

100 3323 109 3353 ¹
129 3322 234 3383 «Coton,
246 3343 258 3369 ι
269 3324 394 3387 pretextu,
405 3334 513 3390 excuse..
594 3322 605 3351 ὅ
623 3341 635 3366 ι
648 3323 673 3372 Si
686 3322 797 3374 irrorent
806 3323 928 3383 madidos,
938 3326 1018 3375 etun·

101 3385 142 3429 ἰ
166 3386 270 3437 Oblatue
303 3384 397 3448 poterit
424 3395 530 3445 praemia
561 3382 582 3431 ei
604 3383 643 3433 d'e
661 3385 698 3433 ais
719 3398 815 3449 nuages
834 3385 953 3434 amoneut
977 3382 1020 3433 dea

72 3444 136 3495 terre
148 3448 214 3496 catix
227 3448 270 3497 nsi
281 3452 310 3496 tu
322 3447 399 3497 ethos
408 3450 434 3495 ta
440 3455 529 3506 coepe,
558 3443 629 3505 joure
641 3398 793 3497 dumiense
802 3446 930 3509 plurieux.

72 3512 97 3557 to
124 3520 228 3568 pourras
259 3508 330 3560 avoir
364 3508 389 3557 ta
427 3506 529 3557 romin-
593 3507 790 3558 ⁴«1t1atolmta
808 3505 1020 3570 »sorapportea

72 3580 152 3636 pense.
564 3574 662 3621 «torre.
680 3589 691 3613 o
