2324 3960
363 162 454 213 sititis
469 162 598 211 Tiioiiiis
616 160 750 220 unooiii.

392 324 404 343 '
485 355 626 428 urrini

237 538 275 582 DE
302 534 412 582 SANGTO
434 534 628 581 SAGRAMENTO
653 534 872 595 uuouimsrffl.

538 846 581 943 i.

245 1042 356 1105 Sacris*
372 1045 532 1106 soiemniis2
543 1045 637 1127 juncto
652 1045 708 1105 sint
721 1043 832 1124 gaudio,

243 1124 278 1184 Et
291 1145 326 1184 ex
339 1125 495 1207 precordiis
508 1133 609 1186 sonent
621 1125 773 1205 praecouia;

243 1203 385 1264 Recedeot
397 1213 499 1277 vetere,
516 1226 586 1265 nove
601 1205 657 1265 sint
671 1204 776 1282 omnio,

344 1285 441 1357 Corda,
457 1305 539 1347 voces
551 1294 583 1350 ot,
592 1304 685 1367 opero.

245 1442 339 1505 Noctis
351 1444 481 1506 recolitur
494 1463 570 1505 coeno
585 1442 747 1513 novissima,

246 1522 306 1592 Qus
320 1523 443 1585 Christus
457 1524 691 1600 crediturorum
706 1531 734 1584 et
747 1541 839 1605 azymo

247 1601 360 1664 Dedisse
373 1604 509 1673 srotrihus,
522 1544 753 1683 juxtalegitimai

349 1683 449 1745 Priscis
461 1683 567 1745 indulte
580 1683 713 1765 patribus.

250 1843 315 1904 Post
328 1863 431 1925 agnum
445 1845 577 1925 typicum,
591 1842 707 1925 expletis
721 1841 817 1922 epulis,

231 1971 235 1978 .
249 1922 354 2005 Corpus
368 1923 540 1984 dominicum
554 1923 672 1984 dutuml
687 1920 829 2001 discipulis

253 2002 310 2084 (Sic
323 2011 412 2064 totum
428 2002 567 2071 omnibus,
584 2001 658 2080 quod
673 2006 762 2061 totuin
776 1998 902 2079 singulis)

349 2082 415 2162 Ejus
427 2080 546 2141 fatemur
559 2080 697 2140 monibus.

211 2213 220 2228 ⁸
250 2235 333 2297 Dedit
345 2234 494 2315 fragilibus
506 2235 626 2315 corporis
638 2233 782 2306 ferculum,

251 2314 333 2377 Dedit
345 2322 373 2375 et
386 2313 511 2375 tristibus
525 2312 667 2395 sanguinis
680 2313 822 2395 poculum,
920 2312 923 2317 ’

134 2532 142 2560 ¹
156 2531 202 2580 Ces
212 2532 327 2594 strophes
339 2532 431 2583 rimecs
442 2532 558 2582 derivent
580 2532 600 2581 si
614 2531 629 2579 o
645 2530 669 2578 lo
686 2528 790 2580 sirieme
809 2529 903 2592 syllabe
915 2532 1011 2594 repond
1025 2538 1041 2584 o

102 2593 146 2641 des
165 2594 279 2656 strophes
298 2595 437 2657 nietriques
454 2608 557 2658 compo·
581 2594 605 2642 la
626 2594 690 2642 rirne
707 2591 782 2641 finale
796 2592 831 2640 du
848 2605 905 2641 vers
924 2595 1041 2657 glyconi-

102 2655 155 2703 secs
174 2656 204 2705 de
221 2657 282 2705 trois
302 2671 359 2706 vers
371 2657 521 2719 asclepiades
534 2662 559 2705 et
581 2669 630 2718 que
655 2655 718 2704 libre
743 2654 786 2717 qui
807 2659 915 2704 turmine
944 2658 1041 2723 chaque

99 2716 160 2764 d’un
173 2718 399 2782 versglyeoniquc.
410 2720 502 2781 Vener,
516 2732 558 2782 pa·
584 2717 695 2780 strophe.

103 2791 135 2839 ge
144 2782 183 2837 72,
200 2787 255 2828 note
269 2787 289 2829 i.
304 2783 349 2830 ies
362 2782 422 2834 trois
435 2781 559 2843 premiere¹
615 2780 626 2809 ²
642 2778 805 2828 «solemniis
817 2794 831 2825 n
840 2779 907 2827 Dans
917 2780 941 2829 lo
950 2781 1043 2844 langue

101 2852 159 2887 vers
172 2848 228 2890 sont
247 2841 290 2889 des
310 2843 462 2906 asclepiades
483 2843 560 2893 lilires
585 2842 669 2890 sacres
684 2857 698 2887 u
708 2840 852 2890 solemnia»
866 2848 904 2890 est
916 2842 1044 2906 frequem·
1104 2879 1105 2882 ,

100 2900 131 2948 de
141 2900 218 2949 doure
226 2902 342 2964 syllohes,
355 2905 561 2967 qnisontcoupes
587 2910 659 2951 ment
671 2903 701 2952 de
714 2903 738 2950 la
749 2908 774 2951 2⁶
784 2902 946 2962 declinaisom
962 2912 987 2955 et
999 2906 1045 2957 fait

103 2975 135 3010 en
145 2963 210 3011 doux
224 2964 387 3014 hirnisiiches
396 2967 477 3028 egeus
489 2967 561 3028 apres
587 2978 618 3013 au
629 2965 722 3027 genitis
730 2972 756 3013 et
764 2978 795 3012 oo
806 2964 878 3027 datii,
891 2981 905 3011 «
914 2967 1045 3016 solemnio·

103 3024 375 3087 losixiemesyllnbe,ot
385 3029 481 3089 quiont
490 3027 564 3091 lept-
588 3039 647 3074 rum
660 3033 685 3075 et
697 3025 856 3074 solemniis.»

103 3087 226 3135 nuitiemo
246 3089 333 3149 breve,
355 3102 453 3137 comme
468 3089 563 3137 l'ascie-
621 3087 747 3137 ⁵uiuum
771 3087 920 3150 legitimus
948 3090 1046 3141 confor-

104 3148 176 3257 findc
194 3151 314 3213 reguiior.
337 3151 366 3198 iis
383 3158 440 3199 sont
452 3151 497 3199 iios
507 3160 563 3199 tous
573 3177 576 3182 ·
588 3151 703 3200 menieni
716 3163 765 3197 aux
781 3151 959 3212 prescriptione
974 3152 1004 3202 de
1022 3154 1047 3205 lo

115 3223 145 3267 es·
151 3211 211 3259 trois
221 3227 266 3277 pur
276 3212 319 3261 des
330 3212 407 3260 rimes
419 3212 515 3262 finales.
527 3213 563 3261 De
589 3213 621 3262 loi
634 3213 765 3260 ancienne.
924 3229 926 3234 ’

105 3271 170 3334 plns,
190 3274 225 3321 ios
236 3276 302 3324 doux
315 3275 440 3336 premiers
452 3280 509 3323 sont
520 3287 564 3322 en·
622 3274 633 3303 ⁴
648 3290 662 3320 o
675 3275 778 3322 Datum.
792 3288 806 3319 n
838 3275 900 3321 Sous
911 3299 924 3309 -
934 3276 1047 3327 eniendu

105 3347 161 3382 core
176 3334 221 3383 lies
233 3336 363 3385 ensenible
376 3349 421 3398 par
434 3337 477 3384 des
488 3336 565 3390 rimes
592 3353 606 3383 «
617 3349 679 3384 esse.
688 3351 702 3382 n
713 3333 888 3384 Coosiruisez:
904 3351 918 3382 u
927 3336 1047 3389 Fotemur

102 3396 253 3448 interieures
265 3398 368 3460 -plucees
384 3401 399 3445 a
418 3399 442 3446 le
460 3396 565 3447 sixicme
591 3411 682 3459 corpus
702 3396 856 3445 dominicum
881 3397 969 3448 dotum
995 3413 1047 3451 esse

101 3458 210 3520 milche,
240 3467 266 3512 et
286 3461 349 3509 dens
372 3460 395 3509 le
417 3460 546 3509 troisieme
556 3496 565 3522 ‚
591 3459 800 3520 manibusque»
813 3458 1047 3513 c'est-e-direomo·

102 3531 152 3568 une
168 3520 234 3573 rime
252 3523 392 3573 interieure
412 3522 496 3588 plocee
508 3535 564 3571 aus
591 3520 665 3571 nibus
674 3520 805 3573 Domini»
