2324 3960
391 163 508 215 nontin
527 164 565 215 LE
583 154 749 217 PENITENT.
1002 169 1044 217 261

250 391 303 440 ΙΙΙ.
321 394 547 441 Amueements
563 394 640 441 d'un
653 393 753 453 leuno
768 393 928 455 patr-{ctera
945 393 990 440 du

468 455 652 515 otnqutcme
668 456 776 504 nicole.

235 649 429 711 Consternatt¹
442 656 536 711 autem
545 669 594 741 pro
608 669 654 711 mc
669 648 770 732 pietate
784 656 939 731 parentum,

195 730 303 812 Quippe
317 729 418 811 quibus
420 729 517 870 potior
531 751 586 791 msa
597 739 639 791 est
653 731 756 791 curatio
770 730 855 791 nostri
1014 744 1046 790 ts

195 808 323 891 Corporis
338 810 418 871 inrali
439 810 459 885 i,
475 812 558 891 quim
569 809 656 870 doctae
670 809 813 871 instructio
826 809 949 891 lingum:

197 889 329 950 Primitus
342 889 396 950 hoc
406 889 506 951 medici
520 897 666 951 suaserunt
674 897 706 950 ut
717 889 786 950 mihi
793 889 868 971 jugis

197 968 314 1042 Laetitia,
330 976 412 1060 atque
424 971 517 1031 animo
531 977 606 1051 grata
616 969 709 1031 omnia
723 970 955 1051 prospicerentur.

197 1048 265 1118 Quae
278 1057 355 1130 pater
365 1069 395 1109 m
409 1056 517 1111 tantum
531 1048 636 1110 studuit
646 1068 694 1130 per
704 1069 734 1110 se
745 1050 804 1130 ipse
817 1068 922 1130 parare,

197 1128 326 1210 Deposito
337 1135 368 1189 ut
380 1149 468 1210 nuper
480 1129 598 1191 venandi
612 1128 743 1191 attentiirs
757 1148 821 1203 usu,
1015 1145 1047 1187 so

196 1208 284 1269 Causd
298 1208 426 1291 equidem
437 1208 494 1270 sold
505 1208 657 1270 studiorum
673 1210 774 1290 quippe
787 1225 925 1278 meorum,

196 1287 271 1350 Neve
281 1288 326 1349 his
340 1288 471 1359 officeret,
487 1288 539 1350 sibi
554 1309 600 1349 me
614 1288 646 1349 ad
657 1308 707 1349 sua
716 1286 819 1350 ludicre
831 1287 962 1368 jungens,

197 1366 256 1428 Neu
269 1369 329 1429 sine
343 1389 388 1429 me
402 1368 505 1450 placitis
519 1387 642 1449 unquam
656 1366 731 1427 solos
742 1365 887 1437 frueretur,

196 1446 241 1508 Me
254 1455 363 1529 proptor
375 1468 469 1511 rursus
479 1452 544 1509 cura
556 1447 660 1528 majore
672 1465 817 1507 resumens

196 1526 326 1606 Ejusdem
340 1528 399 1589 ludi
412 1537 511 1589 concta
521 1528 702 1588 instrumenta
715 1535 836 1595 novaret,
1014 1540 1047 1585 sa

196 1605 237 1668 Ex
249 1605 351 1688 quihus
365 1615 484 1689 optatam
495 1613 605 1688 possem
616 1614 725 1690 captare
736 1606 865 1669 salutem.

196 1684 264 1756 Quae
275 1697 409 1769 protracta
423 1687 471 1750 diu
485 1687 562 1770 longi
571 1707 621 1770 per
633 1696 756 1770 tempora
766 1687 857 1750 morbi

197 1764 326 1828 invexere
338 1768 407 1828 mihi
414 1767 511 1851 jugem
520 1769 578 1849 jam
592 1767 693 1830 deinde
705 1767 816 1850 legendi

196 1844 347 1919 Desidiam,
361 1847 484 1910 officeret
494 1848 596 1909 durans
611 1867 673 1928 quae
686 1858 780 1927 postea
793 1867 872 1919 sano,

196 1922 368 1989 Succedente
383 1947 455 1989 novo
467 1927 564 1988 mnndi
576 1927 681 1988 fallacis
693 1947 798 1999 amore,
1015 1943 1048 1986 eo

197 2003 231 2066 Et
242 2015 337 2066 tenero
351 2006 471 2067 nimium
482 2006 581 2067 affectu
594 2006 710 2067 cedente
722 2012 878 2085 parentum,

197 2081 344 2144 Sufficeret
357 2085 458 2165 quibus
467 2105 502 2144 ex
514 2088 609 2144 nostra
622 2083 742 2163 gaudere
753 2084 853 2144 saluto.

89 2189 91 2192 ’
195 2163 256 2230 Qua
266 2163 372 2222 ratione
386 2170 482 2221 auctus
493 2169 587 2221 noster
601 2181 712 2240 quoque
724 2162 811 2222 crevit
824 2169 852 2222 et
861 2180 945 2230 error,

195 2238 334 2299 Firmatus
347 2239 427 2299 facite
439 2238 473 2299 ad
483 2239 624 2318 iuvenalia
639 2248 700 2300 vota
714 2240 865 2319 sequenda,

196 2315 232 2377 Ut
245 2316 315 2376 mihi
329 2317 442 2396 pulcher
454 2338 542 2400 equus
553 2318 726 2400 phalerisque
737 2318 857 2380 ornatior
868 2327 950 2391 essct,
1016 2335 1050 2381 95

197 2394 303 2456 Strator
317 2416 457 2477 procerus,
474 2396 553 2459 velox
567 2397 665 2471 canis;
680 2405 709 2460 et
722 2398 862 2482 speciosus

196 2475 343 2557 Accipiter,
357 2476 482 2539 Romane
497 2487 526 2540 et
538 2497 627 2561 nuper
637 2476 672 2541 ab
683 2478 752 2541 urbe
766 2479 850 2561 petita

196 2557 297 2617 Aurata
312 2557 461 2619 instrueret
474 2566 600 2621 nostrum
612 2558 735 2641 sphers²
750 2560 856 2621 concita
871 2560 985 2631 ludum;

195 2635 300 2699 Cottior
314 2645 400 2719 utque
410 2639 479 2700 mihi
492 2638 578 2701 restis
587 2639 657 2701 toret
666 2646 695 2701 et
706 2659 777 2702 nova
790 2660 873 2721 saepe,

195 2715 319 2799 Quaeque
333 2710 416 2779 Arabi
431 2719 518 2781 muris
530 2719 588 2782 teni
597 2719 729 2799 fragraret
738 2720 823 2782 odore
835 2725 846 2760 ³
860 2744 867 2782 :

194 2794 251 2857 Nec
265 2798 360 2859 minds
375 2808 402 2860 et
413 2808 529 2881 vegetus
540 2804 563 2880 ¹⁶,
582 2799 667 2862 vetoci
686 2820 796 2863 currere
810 2811 904 2863 vectus
1000 2818 1050 2863 roo

196 2874 313 2958 Semper
322 2898 394 2960 equo
408 2881 543 2959 gaudens,
558 2880 688 2963 quotiens
703 2901 816 2944 evasero
826 2878 924 2965 casus,

126 3104 134 3132 ¹
159 3102 375 3174 ettonsternattz
390 3110 439 3152 etc.
461 3122 473 3175 ρ
497 3106 550 3156 Une
591 3105 791 3159 ordinairemcnt
809 3107 833 3158 la
852 3109 977 3172 premiere
998 3108 1049 3171 syl·

94 3163 201 3213 maledie
222 3178 299 3237 grave
320 3173 388 3215 aven
410 3165 505 3238 affarbli
527 3168 552 3217 la
591 3169 647 3241 lette
668 3169 699 3218 de
724 3182 754 3219 co
775 3178 829 3221 mot
849 3170 898 3221 tire
920 3171 956 3220 du
977 3182 1049 3233 grec,
1125 3196 1131 3207 .

93 3228 164 3275 sante
176 3227 207 3276 de
219 3227 308 3276 Paulm
321 3242 328 3276 τ
343 3227 367 3275 te
379 3236 475 3277 cramte
486 3230 518 3279 dc
527 3230 551 3280 le
591 3234 689 3304 opeipc.
712 3230 795 3296 Voyez
818 3233 854 3282 les
877 3230 1049 3281 observatione

91 3286 480 3362 Ῡᾶῑίὲὓθΐβᾶῐ*ῦῐῑθᾶρβῐίθᾶῑίθῐῐ,
494 3305 552 3341 ⁵⁰¹¹·
590 3314 641 3365 que
651 3314 715 3353 nous
725 3316 804 3354 avons
815 3303 889 3353 faites
899 3304 952 3352 ace
969 3302 1047 3363 sujet,

94 3356 170 3400 terrae
184 3350 252 3414 socca
272 3366 310 3402 ses
327 3359 430 3415 parents
446 3354 550 3404 d'mter·
594 3378 658 3458 pape
668 3368 710 3429 81,
722 3370 815 3417 notes.

97 3424 198 3474 compre
210 3415 360 3465 sesttudcs.
650 3428 743 3477 «Arabi
752 3428 833 3477 muris
842 3425 1003 3487 leniodore,»
1012 3424 1049 3475 leo

126 3482 137 3511 ²
152 3484 277 3544 «sphera.
289 3505 301 3528 o
315 3486 383 3536 Belle
393 3499 457 3549 pour
465 3488 550 3549 jouer.
593 3489 658 3539 doux
667 3490 781 3553 partums
792 3502 870 3538 vemrs
881 3488 912 3537 de
927 3486 1045 3537 t'nratrio.
1126 3530 1129 3537 .

94 3540 141 3592 Les
151 3546 236 3607 poetes
247 3547 375 3598 chrottens
392 3549 552 3611 ooregeateot
624 3552 636 3583 ⁴
650 3570 662 3596 ι
674 3552 796 3615 vegetus,
807 3569 819 3594 n
832 3564 864 3602 en
873 3549 957 3599 bonne
966 3548 1046 3598 sante.
1125 3552 1129 3557 '

55 3690 60 3697 .
122 3672 142 3697 a
188 3670 215 3713 ῃ,
679 3656 695 3685 0
876 3634 933 3695 ᾖ,
