2324 3960
441 181 533 232 suist
549 181 729 231 micuerit.

199 277 257 338 Nec
277 278 393 357 majurat
403 276 489 356 cupit,
501 277 584 359 quim
600 295 663 358 quae
674 284 772 337 natura
783 274 914 356 reposcit,

197 357 261 418 Non
276 357 346 417 iucri
358 357 476 439 cupidus
489 356 613 416 nummis
627 356 766 437 marsupia
782 354 882 437 repiet,

205 437 263 498 Nec
278 437 375 497 moiies
386 436 508 497 cumulat
527 438 664 497 tineamm
676 435 709 497 ad
725 435 935 517 pnbularester.

204 517 318 578 Pascerc
331 536 387 576 uon
403 518 498 598 pingui
514 525 642 599 procurat
653 514 731 597 fruge
743 514 875 591 caballus,

198 597 256 657 Nec
266 596 371 675 trepido
381 597 448 657 tutes
459 597 544 656 solvit
557 596 610 657 sub
622 605 732 676 pectore
740 616 833 665 cures,

197 677 239 738 Ne
251 676 349 738 subitis
362 684 456 758 pereat
469 676 582 737 collecta
591 677 707 758 pecunia
723 675 855 747 flammis,

197 757 253 816 Aut
265 755 347 817 fracti
360 776 490 816 nummus
502 756 591 846 rapiat
609 755 652 815 sur
663 755 804 835 improbus
817 760 893 820 arci.
1026 766 1057 811 ⁵⁰

199 836 306 896 i'iritur
320 844 433 917 argento
444 838 516 907 sine,
527 856 586 917 Jam
599 835 661 896 sine
675 836 772 895 vivitur
786 856 875 904 aur0;

199 916 271 977 Nudi
293 926 454 985 nascuntur,
469 918 559 977 nudoe
569 935 639 997 quos
653 924 724 975 terra
740 924 878 997 receptnt3

199 995 336 1058 Dii-itibus
351 994 422 1078 nigri
434 1003 591 1057 reserantur
600 995 695 1055 iimina
712 994 777 1055 ditis
788 997 810 1067 ¹,

127 1112 134 1125 ·
200 1076 427 1158 Pauperibusque
438 1076 491 1158 piis
505 1075 625 1137 coeiestin
638 1095 722 1156 regna
740 1081 894 1156 patescunt.

197 1156 334 1218 Temncre
346 1156 454 1217 diritius
468 1157 576 1216 monuit
586 1154 711 1215 Salvator
722 1174 836 1215 avaros:

198 1236 332 1320 Quisquis
344 1246 419 1297 amat
431 1234 583 1311 Christum,
596 1234 723 1315 sequitur
736 1234 851 1315 vestigia
859 1231 974 1297 Christi.

200 1315 272 1379 Nam
287 1316 379 1378 brevis
393 1323 421 1376 ct
435 1314 539 1395 fragilis
547 1314 691 1375 moriturae
707 1312 793 1395 gioria
805 1313 911 1375 cernis·

201 1394 342 1478 Quidquid
354 1395 448 1466 habet,
463 1394 550 1476 rapidi
565 1395 643 1455 reiox
656 1392 720 1476 iuga
728 1392 859 1476 temporis
871 1394 972 1457 aufert.

205 1475 333 1536 Pulchrae
344 1474 457 1536 veridici
469 1474 570 1536 cecinit
582 1494 635 1534 mx
645 1473 710 1534 talia
718 1473 798 1545 rutis,

202 1555 339 1635 Tempora
361 1555 541 1615 dinumerans
550 1553 603 1615 aeri
616 1554 736 1634 ritusque
749 1553 880 1615 ccducoe:
1027 1561 1061 1606 6⁰

204 1633 307 1696 Omnia
321 1644 431 1715 tempus
444 1635 511 1711 ugit,
528 1654 592 1695 cum
605 1642 729 1716 tempore
738 1642 835 1695 cuncte
849 1630 998 1694 trahuntur
1011 1655 1020 1705 3

206 1712 352 1794 Accipiunt
364 1721 512 1793 augmenta
529 1712 589 1773 dies
605 1724 759 1794 noctesque
772 1714 905 1774 vicissim.

206 1793 340 1874 Tempora
356 1800 422 1852 sunt
436 1791 552 1868 ssorum,
562 1793 663 1854 retinet
677 1812 726 1853 sun
738 1803 861 1874 tempora
875 1791 977 1853 messis
992 1813 999 1864 ;

205 1873 253 1933 Sic
266 1872 368 1934 iterum
384 1872 474 1954 spisso
486 1876 603 1933 vestitur
614 1874 739 1955 gramine
752 1892 878 1952 campus.

207 1953 342 2034 Tempora
356 1952 507 2034 gaudendi,
517 1961 583 2014 sunt
596 1961 720 2034 tempora
731 1963 804 2013 certa
816 1950 943 2022 dolendi3
1028 1963 1062 2005 ts

207 2034 343 2125 Tempora
358 2042 424 2094 sunt
435 2032 508 2106 ritae,
531 2041 598 2094 sunt
611 2032 698 2093 tristia
718 2041 840 2114 tempure
854 2031 971 2092 mortis:

209 2112 310 2177 Omma
330 2115 387 2188 dat,
400 2114 483 2188 tollit,
498 2113 654 2204 minuitque
666 2111 775 2174 ruistiie
789 2120 908 2192 tempus.

204 2193 273 2267 Ver,
297 2204 391 2273 restas,
413 2202 573 2266 autumnus,
592 2191 691 2265 hiems,
717 2192 789 2253 redit
802 2191 1063 2254 aunnsinanuum.

202 2273 303 2336 Omnia
323 2295 411 2366 quum
425 2274 551 2351 redeant,
566 2272 673 2333 homini
685 2292 733 2334 sua
748 2291 804 2332 non
814 2270 885 2331 redit
893 2278 970 2331 aetas.

201 2354 309 2416 Haecsn
331 2374 391 2415 reus
403 2353 480 2414 omni
491 2371 601 2432 semper
613 2350 799 2411 reminiscitur
811 2350 890 2424 hort,
1033 2361 1067 2408 70

200 2434 292 2515 Atque
302 2375 415 2494 iimum
427 2431 529 2491 luctits¹
539 2429 627 2510 epulis
639 2430 775 2510 praeponit
781 2429 891 2510 opimis.

201 2511 304 2573 Ultima
316 2530 391 2571 nunc
403 2509 503 2569 humili
516 2507 678 2569 concludam
689 2507 771 2566 rerba
784 2514 896 2586 precatu
909 2531 915 2565 :
1014 2522 1017 2527 ·

204 2591 251 2651 Sis
264 2589 442 2670 memetipse
460 2589 515 2646 mei
529 2604 624 2645 rursus
636 2603 724 2722 cluum
741 2583 841 2662 legeris
858 2586 946 2664 istos3

208 2670 342 2749 Tempora
359 2668 399 2727 sic
414 2663 516 2724 habeas
532 2670 633 2744 optatae
655 2680 726 2741 unga
737 2668 865 2723 sennctae.

416 2869 643 2917 columbum
659 2868 811 2918 liuticio
820 2870 840 2920 ³.

247 3011 360 3074 Casibus
375 3010 528 3074 innumeris
539 3010 687 3074 decurrunt
700 3018 822 3094 tempora
836 3011 910 3087 vitae,
1029 3028 1064 3073 75

207 3092 305 3155 Omnia
317 3100 493 3175 praetereunt,
510 3111 621 3154 menses
632 3092 781 3154 volvuntur
794 3103 822 3155 et
839 3095 914 3169 anni,

140 3309 259 3377 uurgri
267 3307 338 3369 ditis,
349 3324 361 3350 ι
372 3306 396 3357 le
407 3305 506 3356 nombre
517 3319 563 3356 en·
605 3307 692 3357 mienx
712 3307 776 3360 aller
792 3306 856 3359 dens
874 3309 899 3359 la
916 3310 1013 3364 maison
1032 3315 1065 3365 de

111 3380 159 3430 ter.
607 3370 675 3420 deuii
696 3384 745 3434 qne
779 3372 841 3423 dans
867 3372 892 3422 la
912 3374 1008 3425 maisou
1033 3377 1068 3427 nu

142 3442 154 3472 ¹
166 3460 177 3485 ι
189 3442 269 3501 Atque
281 3434 385 3484 domum
397 3431 489 3489 luctus,
502 3438 565 3481 etc.»
608 3431 667 3483 itte.
681 3454 692 3477 s

113 3503 207 3554 Pensee
239 3493 387 3561 empruntte
424 3493 441 3541 t
470 3492 568 3543 t’Eccte·
642 3496 677 3539 ³«
696 3495 846 3560 Csttepiece
862 3502 900 3545 est
919 3499 1066 3555 acrosticis.

112 3565 243 3627 siastique,
252 3559 293 3611 ch.
311 3570 354 3620 rur,
365 3571 390 3606 v.
404 3556 433 3607 ὃς
448 3574 459 3600 ι
476 3554 570 3605 lirant
610 3557 647 3606 En
660 3557 802 3608 renuissent
814 3559 849 3607 tes
865 3559 1003 3621 premieres
1019 3562 1066 3614 tet·
