2324 3960
331 168 423 219 SAlN'l'
439 168 579 219 PROSPER
596 169 809 229 D’AQUITAlNE.
997 166 1040 220 2³1

193 266 301 328 AEterni
315 267 398 328 lentis
411 267 515 329 fluxere
533 269 654 330 undante
668 277 772 335 meatu.
1006 281 1040 330 to

191 347 226 408 Et
238 355 279 409 ter
292 348 417 409 centenis
431 369 575 429 procerum
588 357 652 409 sunt
666 351 736 410 editu
753 350 855 431 linguis
869 371 875 408 ε
911 412 915 419 ,

190 427 237 488 Sic
250 428 411 489 moderante
425 449 506 489 suarn-
519 430 608 510 legem
622 430 743 491 bonitate
757 436 862 502 severe,

190 506 226 568 Ut
240 508 286 588 qui
300 508 429 570 damnato
443 509 545 569 vellent
559 511 697 571 deerrare
714 512 823 587 reverti,

191 587 354 671 Acciperent
368 609 464 670 pacem
478 594 498 661 ¹,
516 590 601 673 pulsis
613 591 660 672 qui
676 611 756 673 prava
771 599 908 661 tenerent.

232 752 313 813 Anno
326 752 411 813 aliurn
426 752 454 813 in
469 734 554 819 finoni
574 759 666 829 posset
683 751 830 831 procedere
844 757 972 821 sanctum
1014 765 1047 812 ⁵0

193 832 358 903 Concilium,
373 833 417 893 cui
433 833 488 893 dux
502 832 638 901 Aurelius,
655 830 854 913 ingeniumque

191 914 363 994 Augustinus
376 919 385 950 ²
400 913 476 975 erat?
489 910 577 983 Quem
592 910 692 973 Christi
706 910 793 993 gratia
808 914 918 982 oornu⁸

192 993 324 1055 Uberiore
338 993 442 1074 rigans,
458 1002 553 1052 nostro
567 993 661 1053 lumen
676 991 752 1053 dedit
765 1012 824 1053 aevo

195 1074 347 1135 Accensum
360 1094 425 1134 vero
438 1073 473 1133 dc
487 1072 593 1132 lumine
607 1093 614 1131 r
632 1091 696 1131 nam
711 1071 790 1132 cibus
805 1072 855 1143 illi,

194 1154 228 1216 Et
241 1155 305 1226 vita,
322 1162 349 1214 et
365 1153 483 1234 requies,
498 1153 573 1213 Deus
587 1161 645 1222 ast;
659 1152 804 1234 omnisque
817 1151 944 1233 voluptas
1010 1170 1042 1213 sn

195 1232 272 1295 Unus
287 1254 364 1296 amer
376 1232 477 1295 Christi
492 1242 546 1303 est,
561 1253 635 1293 unus
650 1232 750 1295 Christi
765 1240 807 1293 est
822 1231 911 1299 honor
925 1230 963 1300 illi
979 1254 986 1292 ι

194 1315 229 1377 Et
243 1314 310 1375 dum
324 1313 399 1375 nulla
414 1312 467 1373 sibi
482 1313 577 1375 tribuit
591 1312 663 1377 bona
678 1323 701 1387 ⁶,
717 1310 748 1371 ht
764 1310 837 1372 Deus
852 1309 890 1372 illi
922 1340 926 1345 ·

116 1432 119 1437 ·
195 1393 305 1470 Omnia,
320 1402 349 1457 et
362 1394 391 1456 in
406 1402 500 1455 saneto
515 1404 613 1474 regnat
626 1396 636 1429 ⁵
650 1391 783 1472 sapientia
799 1390 914 1473 templo.

234 1552 315 1616 lstius
330 1573 396 1632 ergo
411 1552 482 1611 inter
496 1557 623 1615 cunctos.
638 1549 685 1631 qui
700 1547 735 1610 de
744 1569 833 1633 grege
849 1557 945 1621 sancto

195 1635 308 1696 Insanus
320 1632 450 1716 pepulere
466 1631 535 1692 seras
546 1635 567 1702 ⁶,
584 1629 716 1691 industria
732 1632 830 1713 major,
920 1670 923 1675 -
1019 1649 1054 1692 oo

196 1715 283 1797 lllajus
301 1733 370 1796 opus
384 1718 473 1772 toturn
486 1709 659 1792 praestantids
675 1710 773 1773 imbuit
786 1710 893 1781 orbem,
1022 1722 1039 1747 ‘²

195 1795 264 1856 Nam
278 1793 454 1876 quocumque
468 1792 585 1874 gradum
601 1795 738 1853 convertit
751 1792 866 1853 callidus
880 1790 977 1864 hostie,

196 1875 311 1956 Quaque
326 1893 375 1955 per
389 1873 519 1953 ambages
534 1874 701 1952 ancepsiter
715 1873 767 1953 egit
783 1878 902 1954 opertas,
991 1869 996 1878 '

194 1955 283 2036 Hujus
298 1955 332 2015 ab
347 1973 462 2014 occursu
478 1961 520 2012 est
539 1962 704 2031 proventus,
719 1952 795 2012 mille
808 1953 914 2011 viarum

197 2035 307 2097 insidiis
322 2033 426 2094 aditum
441 2052 498 2091 non
513 2031 733 2111 repperientibus
745 2032 844 2093 ullum.
1023 2045 1055 2095 nn

196 2114 345 2192 Quumque
358 2112 423 2171 foris
437 2110 527 2169 rabies
542 2107 684 2169 avidorum
697 2110 806 2169 exclusa
821 2109 951 2190 luporum

197 2192 357 2258 Frenderet‚
372 2190 457 2266 inque
471 2207 568 2247 ornnes
582 2187 724 2247 mendacia
738 2195 856 2247 verteret
870 2195 958 2259 artes3

197 2272 239 2330 Ne
253 2275 363 2328 mentes
384 2267 503 2326 ullarum
518 2265 611 2324 ovium
626 2284 803 2345 corrumpere
817 2274 925 2347 posset,

201 2349 262 2408 Neu
278 2346 361 2406 dubia
376 2345 496 2423 obliquis
512 2343 634 2403 turbaret
648 2344 728 2404 corda
741 2346 870 2426 querelis,

198 2428 279 2488 lstius
293 2445 340 2485 ore
353 2425 404 2485 viri
418 2424 484 2484 lecit
497 2423 571 2484 lleus
586 2444 592 2482 :
610 2422 687 2484 istius
702 2444 748 2485 ore
1026 2443 1059 2491 an

198 2506 328 2569 Flumina
343 2504 497 2567 librornm⁷
514 2502 651 2585 mundum
666 2503 797 2568 effluxere
812 2526 998 2590 peromnem,

102 2756 209 2806 concites
218 2762 293 2807 tenus
310 2752 460 2814 acarthago
472 2763 529 2800 sous
543 2751 565 2799 le
596 2749 677 2799 sainte
688 2751 801 2800 nostiusa
811 2751 826 2800 b
835 2765 919 2801 saerer
930 2752 965 2803 les
977 2756 1028 2806 rois
1039 2764 1064 2807 et
1090 2698 1125 2759 'fl

102 2832 165 2881 pape
178 2818 285 2868 Zosime.
596 2820 631 2861 tos
647 2813 743 2875 pierres
755 2815 814 2863 chen
830 2814 866 2864 les
888 2814 1017 2881 Hehreux,
1038 2827 1064 2869 et

137 2883 144 2912 ¹
161 2900 172 2924 a
190 2883 316 2928 Pacem.»
340 2878 359 2926 ll
374 2876 443 2937 ,erait
465 2876 567 2938 ‹l’usage
596 2888 646 2929 non
676 2877 731 2926 oint
745 2877 794 2926 ela
806 2891 881 2931 corne
893 2877 925 2927 de
938 2879 1062 2931 lachevre

103 2942 202 2991 dansla
221 2940 351 3002 primitive
366 2939 493 3001 Eglisede
510 2939 571 2987 don-
598 2890 743 2991 Amalthoe.
1071 2978 1075 2986 .

104 3004 183 3054 nerle
195 3003 279 3052 baiser
292 3001 323 3048 de
337 3001 394 3062 paix
407 3003 423 3047 e
441 3014 504 3048 cena
523 3014 573 3061 que
631 2999 643 3035 ⁸
663 3021 674 3045 a
694 3002 769 3050 Nulla
789 3002 835 3051 sibi
854 3003 945 3054 tribuit
966 3005 1065 3056 hona.»

107 3067 157 3115 l’on
164 3063 299 3114 admettuit
308 3063 370 3111 daus
379 3062 403 3109 ta
412 3063 575 3111 communion
602 3065 667 3113 C'ost
680 3063 703 3112 le
720 3065 845 3114 contraire
858 3065 889 3114 de
905 3079 933 3115 ce
950 3080 1000 3130 que
1011 3068 1068 3119 tout

106 3130 151 3179 des
166 3127 263 3176 fideles.
605 3128 640 3176 los
662 3126 762 3189 Ingrats
789 3140 822 3176 ou
847 3129 976 3178 ennemis'
991 3130 1022 3178 de
1044 3131 1068 3178 le

138 3192 175 3234 ἰι
193 3188 325 3248 Aurelius,
346 3185 509 3239 Aur-’ustinus
523 3205 533 3228 »
549 3188 581 3236 te
606 3189 694 3253 grece.

115 3252 227 3317 premier
252 3250 313 3300 erait
343 3250 437 3310 oreque
469 3250 499 3296 de
515 3248 582 3315 ,Car-
639 3251 678 3293 ¹⁵«
703 3251 810 3313 ltrgnot.
833 3271 844 3296 n
866 3252 936 3302 saint
945 3255 1070 3315 Angustia

78 3314 83 3323 “
112 3316 201 3379 mage,
218 3315 241 3363 le
266 3313 357 3362 second
376 3312 471 3373 eroqur
496 3311 585 3373 dllip-
608 3312 691 3361 vivait
708 3326 798 3362 encore
813 3314 913 3375 lorsque
923 3315 990 3363 saint
999 3312 1071 3366 Pros-

123 3391 196 3440 pone.
609 3389 655 3438 prr
672 3375 761 3423 orricii.
778 3388 821 3424 son
843 3378 932 3438 poema
951 3388 1009 3426 uere
1021 3377 1071 3428 l'an

156 3441 167 3469 ³
181 3458 192 3482 u
207 3439 301 3488 Cornu.
315 3459 325 3482 ι»
338 3438 408 3496 Saint
420 3437 526 3497 l'rosprr
544 3435 588 3486 tait
610 3440 655 3487 4:³8
666 3451 698 3485 ou
714 3442 755 3485 titt
766 3439 795 3486 ne
807 3437 983 3487 tosus-Christ.

118 3500 233 3557 nllusion
255 3501 285 3549 ici
307 3501 358 3550 ela
380 3511 464 3550 crure,
492 3498 589 3544 r'rsr-a·
642 3497 846 3548 ⁶u1nsanaslrras
861 3498 1071 3562 »Leletlagiens

128 3562 181 3619 dire
191 3559 589 3626 auuasequirenlormaitl'huite
641 3564 676 3605 ’τι
699 3560 814 3609 Flumina
837 3561 970 3621 librorum,
989 3569 1069 3631 etei

173 3800 192 3831 ιῗ
