2324 3960
368 246 461 296 salua*
478 245 592 296 PAULlN
607 244 648 295 DE
664 246 755 296 NOLE.

193 342 222 403 Si
238 346 353 408 vituium
361 355 455 421 tauro,
469 347 511 408 vei
525 366 629 428 equum
642 347 793 408 committis
802 366 917 428 onagro,
1017 356 1023 381 ¹

193 420 222 483 Si
236 426 344 487 confers
358 426 456 487 fulicas
468 427 573 508 cycnis,
588 435 616 488 ct
630 427 735 487 aedona
750 446 847 508 parre,

193 502 331 567 Castaneis
346 505 452 587 corylos
463 526 567 584 equas.
580 505 695 567 viburna
709 526 743 567 cu
763 506 859 583 ressis,

192 581 236 643 bie
253 604 390 662 compone
408 585 468 646 tibi.
484 585 536 646 Vix
553 585 661 647 Tuliius
678 593 706 647 et
753 604 800 646 aro
820 593 913 646 tecum

194 660 354 725 Sustineant
369 664 474 755 equale
489 665 610 747 jugum¹
625 686 631 723 τ
649 664 672 726 si
684 665 786 756 jungar
797 684 903 743 amore,

194 740 252 803 Hoc
265 746 375 805 tannim
389 744 438 805 trbi
454 762 499 805 mc
508 745 611 825 jactare
625 743 732 805 audebo
745 745 868 827 jugalem
882 767 888 803 :

194 820 287 883 Dulcis
304 823 447 885 amicitia*
467 832 569 885 aeterno
581 823 650 884 mihi
664 824 768 885 ioedere
779 835 882 896 tecum,

194 901 228 960 Et
243 901 353 982 peribus
372 922 482 984 semper
499 902 657 964 redamandi
676 902 784 985 legibus
799 923 890 985 aequa.

194 980 252 1040 Hoc
264 986 358 1042 nostra
372 1002 387 1042 e
401 981 507 1043 cervice
516 981 616 1064 jugum
630 1002 686 1044 non
698 1002 768 1044 saeva
782 983 894 1045 resolvit

106 1077 129 1101 ⁶
194 1059 297 1121 Fabula
307 1064 329 1136 ³,
347 1080 405 1121 non
421 1060 499 1121 terris
510 1062 632 1123 absentia
650 1062 731 1144 ionga
748 1062 869 1140 diremit,

48 1148 54 1159 ’
194 1137 250 1199 Nec
265 1140 393 1221 perimet,
408 1147 466 1201 toto
482 1140 545 1202 licvit
559 1140 701 1203 abstrahar
715 1140 781 1203 orbe
793 1143 838 1203 vel
852 1160 920 1201 mvo.
1004 1156 1008 1165 ·

193 1216 254 1279 Non
270 1219 366 1280 animo
382 1219 483 1281 divisus
500 1240 581 1302 egam
603 1244 609 1281 :
627 1222 707 1303 priris
720 1221 780 1302 ipse
794 1220 905 1282 recedet

193 1296 316 1381 Corpore
329 1299 383 1360 vita
396 1319 472 1375 rnco,
490 1303 575 1382 quam
588 1308 678 1363 vester
692 1308 803 1382 pectore
814 1299 918 1361 vultus.

195 1448 257 1541 Ego'
267 1465 317 1521 te*
328 1481 378 1543 per
391 1481 488 1535 omne,
502 1461 577 1543 quod
590 1460 685 1520 datum
700 1459 876 1535 mortalibus,

232 1540 267 1601 Et
280 1540 449 1602 destinatum
463 1541 597 1603 saeculum
608 1544 619 1578 ⁵
631 1546 682 1612 est,
805 1540 809 1550 ⁴

197 1618 347 1680 Claudente
358 1621 447 1682 donec
459 1620 623 1682 continebor
636 1639 761 1703 corpore,

236 1698 380 1761 biscemar
394 1699 461 1762 orbe
474 1699 609 1783 quotibet,

197 1774 254 1837 Nec
267 1797 314 1840 ore
326 1779 372 1840 lon
393 1780 420 1853 e,
435 1800 487 1840 neo
500 1786 640 1842 remotum
655 1779 762 1842 lumine

223 1855 346 1943 ¹Tenebo
359 1801 461 1920 Γιῖτίεο
476 1859 604 1922 insitum.

196 1933 299 1997 Videbo
313 1939 406 2012 corde,
421 1947 515 2002 mente
529 1940 697 2031 complectar
711 1938 755 2022 pia

125 2034 128 2040 ’
236 2013 342 2099 Ubique
355 2026 521 2100 praescntem
535 2018 627 2080 min:

196 2094 244 2167 Et,¹
254 2116 341 2176 quum
355 2097 463 2159 solutus
477 2097 612 2181 corporali
627 2118 748 2170 carcere,

235 2174 318 2237 Terra
338 2196 373 2238 ue
387 2178 577 2258 provolavero,

196 2253 256 2324 Quo
271 2197 427 2317 meioctrit
438 2276 489 2318 axe
502 2255 661 2318 communis
674 2262 762 2336 pater,

237 2332 296 2395 liiic
308 2354 420 2418 qnoque
434 2336 529 2396 animo
541 2340 552 2373 ⁷
566 2342 593 2397 te
609 2353 715 2417 geram.

196 2411 291 2492 Neque
303 2413 368 2475 finis
381 2415 469 2492 idem,
481 2416 529 2496 qui
543 2435 606 2477 meo
618 2435 663 2476 me
674 2433 800 2496 corpore,

236 2493 270 2555 Et
280 2513 376 2555 amore
389 2494 489 2558 laxabit
500 2498 552 2557 tui.

118 2594 121 2599 ·
196 2571 273 2634 biens
284 2574 399 2655 quippe,
410 2575 495 2657 lapsis
548 2594 571 2636 re
585 2581 725 2657 superstes
739 2571 864 2644 artubus

237 2651 278 2714 De
289 2652 376 2734 stirpe
388 2654 468 2717 durat
478 2674 523 2717 ore
534 2655 565 2715 iti
576 2659 597 2725 ⁸,

198 2729 304 2793 Sensus
315 2752 429 2794 necesse
441 2740 484 2794 est
497 2733 600 2794 simul⁹
617 2742 645 2796 et
658 2732 777 2794 effecius
789 2751 855 2793 suos

156 2844 160 2851 ·
236 2810 341 2873 Teneat
354 2813 434 2895 aequb
444 2820 477 2874 ut
489 2815 511 2851 ¹⁰
523 2813 606 2874 vitam
628 2833 725 2884 suam3
1010 2820 1059 2865 32⁰

136 2998 144 3039 i
160 2996 335 3049 ii’arimiration
348 2999 379 3048 do
395 2982 482 3049 l'tieve
501 3012 564 3062 pour
622 2999 635 3029 ὅ
649 3017 660 3043 a
672 2998 810 3055 secutum,
822 3014 835 3040 1>
849 2996 903 3057 agr.

101 3061 124 3108 ie
137 3059 216 3109 taient
225 3059 256 3110 de
267 3072 312 3110 son
329 3060 474 3124 precepteur
486 3074 519 3111 ra
533 3063 565 3110 ici
622 3062 658 3104 ⁰«
672 3060 784 3119 Farris.»
800 3058 938 3116 entraiilcs.
951 3072 1027 3108 coeur.

102 3134 138 3171 un
148 3134 196 3184 peu
208 3124 262 3183 trop
275 3122 335 3178 toln.
348 3126 457 3185 quotque
476 3123 500 3173 le
513 3129 566 3173 mor
626 3123 636 3153 ⁷
649 3140 661 3167 ι
674 3123 776 3184 Quoque
793 3122 889 3171 animo.
902 3140 914 3164 ι
924 3121 1061 3182 Tribraque

101 3186 146 3234 uic
155 3196 189 3234 en
201 3184 305 3233 atienae
313 3183 483 3246 i'cxpression.
594 3198 625 3234 au
636 3188 663 3234 20
673 3185 739 3296 pica.

133 3246 145 3276 ¹
159 3263 172 3288 e
186 3245 269 3293 unicis
282 3248 398 3296 amicitie
411 3264 424 3291 ι
438 3245 568 3308 (eous-ea·
626 3248 661 3291 ⁸«

99 3306 298 3368 nandureetr).
565 3314 568 3319 '
595 3308 666 3358 leste.

134 3370 145 3398 ³
159 3388 171 3414 «
183 3370 257 3418 saeva
276 3368 396 3429 tabule»
415 3368 507 3421 crueiie
526 3382 571 3420 ca-
627 3370 664 3413 ἰι
675 3371 777 3421 Necesse
786 3373 826 3420 est
835 3365 923 3419 simui.
938 3383 950 3408 n
962 3362 1062 3425 Dactvie

132 3432 280 3554 stibium,
293 3509 306 3536 »
327 3496 374 3542 etc.
396 3452 455 3543 itere
475 3493 571 3542 tambi—
596 3432 771 3543 apoappjppeat
789 3488 859 3553 mque
878 3492 938 3535 nnn
959 3484 1063 3557 i'ribra·

104 3553 306 3617 puertriurbtrcr
321 3559 345 3604 et
356 3554 481 3607 dimetior.
496 3554 573 3618 voyer
598 3567 689 3615 aucun
706 3557 815 3617 premier
834 3550 899 3615 picti,
912 3546 1021 3608 spondeo
1030 3562 1064 3631 ru

103 3617 320 3679 praetemunt.
600 3617 746 3670 acuribme.

691 3248 755 3309 tirpe
772 3246 857 3305 roeliti,
868 3263 880 3288 o
893 3244 987 3305 origine
1015 3241 1061 3290 ce'-
