2324 3960
124 176 169 225 198
387 168 541 221 CLAUDIUS
556 167 674 218 ulturus
696 167 822 219 VICTOR.

287 408 312 456 1.
329 407 390 456 lien
405 412 478 471 sept
490 402 586 469 lours
600 404 642 455 de
660 404 696 457 1ο
711 404 858 455 ercnsson
874 402 960 470 (Liure
971 405 1002 471 1).

258 605 329 664 Anto
342 603 431 685 potos,
443 602 563 685 ceolique
577 602 663 678 diem,
675 600 829 683 mundique
839 601 966 663 tenebras

220 683 292 742 Ante
306 702 421 764 operum
434 683 545 756 formas,
556 691 585 745 ot
594 702 647 755 res,
663 690 691 743 et
704 682 809 742 semina
822 700 926 755 rerum,

220 762 366 822 AEternum
377 764 439 823 sine
452 764 611 853 praeteriti¹‚
625 763 686 824 sine
697 762 754 823 fine
762 760 846 823 suturi

220 841 288 902 Esse
300 842 404 911 subest,
417 862 462 903 cur
474 862 583 925 semper
594 849 653 905 erat
665 842 740 904 Deus
751 860 835 914 unus,
846 838 919 981 apud
932 860 1018 924 mem
1053 852 1057 859 '

220 920 335 981 Vivebat
351 922 461 1002 genitus
472 922 594 985 Verbum
609 923 695 995 Deus,
709 930 737 984 et
752 921 834 983 simul
848 941 863 982 a
875 940 939 982 mus
1029 940 1075 984 ras

220 999 349 1082 Spiritus,
369 1002 459 1062 arcani
473 1003 564 1064 uitalis
575 1022 684 1065 summa
697 1002 811 1085 uigoris.

219 1080 282 1142 Jarn
296 1100 350 1159 res,
366 1088 394 1141 et
405 1100 501 1143 causas
512 1102 616 1156 rerum,
636 1101 771 1164 casusque
789 1081 896 1142 futuros

219 1161 255 1221 Et
269 1162 392 1223 facienda
401 1162 507 1237 videns,
520 1163 714 1244 gignendaque
727 1169 821 1223 mente
832 1160 925 1241 capaci

221 1239 328 1303 Soecula
342 1240 498 1324 dispiciens,
513 1251 541 1304 et
553 1241 688 1324 quidquid
700 1250 826 1324 tempora
839 1240 953 1301 volvunt

222 1323 348 1383 Praesens
361 1342 471 1405 semper
483 1322 600 1396 habens,
616 1322 785 1384 immensum
799 1320 873 1381 mole
884 1319 963 1380 beati
1028 1335 1075 1381 ruo

219 1399 349 1481 Regnum
363 1412 422 1463 erat
434 1403 494 1484 ipse
507 1422 599 1477 suum,
612 1403 691 1484 regni
708 1421 760 1462 nec
772 1408 843 1461 toste
855 1398 965 1460 carebat

221 1479 313 1540 Virtus
326 1481 397 1542 trina
408 1481 500 1543 Deus:
516 1483 564 1564 qui
578 1484 698 1566 primum
711 1481 817 1543 semino
827 1479 905 1540 nullo

220 1558 341 1640 Corpora
354 1559 527 1634 decembris,
540 1564 607 1623 dnm
621 1582 665 1623 ros
675 1562 791 1624 existere
804 1578 837 1620 co
857 1558 890 1631 it,

220 1637 284 1697 dam
297 1646 422 1699 nostrum
435 1639 525 1702 effecit
536 1661 650 1715 munus,
662 1641 736 1723 quod
748 1640 825 1702 solus
837 1578 966 1699 babebat.

221 1717 312 1798 thue
328 1717 412 1777 istum
425 1717 527 1780 faceret
541 1720 617 1780 dives
631 1720 766 1801 sapientia
781 1719 927 1791 mundum,
1027 1733 1077 1778 135

222 1796 327 1857 Cuncta
340 1797 424 1860 simul
433 1798 546 1879 genuit:
560 1798 610 1858 sed
621 1798 752 1880 posthaec
765 1800 870 1860 semina
883 1814 976 1861 rerum

220 1875 334 1937 Ornavit
347 1877 549 1958 superinductis
561 1876 688 1938 informia
702 1878 810 1952 sormiS,

220 1956 409 2043 Temporaque
423 1958 452 2019 in
464 1958 565 2019 seriem
578 1958 651 2020 bene
662 1957 789 2020 conditus
806 1958 874 2020 ordo
887 1954 1000 2039 redegit.

260 2160 332 2223 Nam
345 2182 402 2224 non
421 2164 558 2255 (sacrilegi
569 2164 657 2227 sensit
668 2162 743 2249 quod
763 2163 856 2245 lingua
871 2158 979 2242 furoris)

226 2240 333 2306 Casus²
350 2253 451 2307 mentis
465 2245 640 2329 inops‚dum
653 2244 745 2307 nescia
763 2244 869 2305 semine
888 2244 983 2316 voluit,
1031 2256 1079 2303 itu

222 2321 290 2383 'dem
307 2325 428 2407 prudens
443 2327 574 2387 contorsit
585 2345 672 2407 opus:
691 2344 743 2387 nec
754 2324 844 2385 dicere
857 2324 960 2386 sactum

222 2401 295 2462 Ante
308 2422 398 2464 aevum
410 2404 450 2465 fas
464 2414 515 2476 est,
527 2406 593 2487 quia
607 2414 730 2487 tempore
744 2413 808 2467 nata
820 2410 975 2466 mouentur.

220 2478 278 2539 Nec
291 2500 372 2560 porro
387 2490 522 2543 aeternum
533 2484 680 2557 mundum,
691 2485 867 2566 superisque‘
881 2496 1005 2545 cccrum

221 2557 338 2620 Credere
352 2560 403 2634 sas,
415 2560 543 2622 stabilem
562 2582 673 2643 semper
692 2565 815 2626 tenuisse
835 2563 973 2645 vigorem:

220 2634 290 2698 Nam
303 2639 377 2720 quod
389 2641 549 2722 corporibus
563 2650 670 2704 constat
681 2646 797 2726 caepisse
806 2642 947 2705 fatendum
957 2651 1011 2706 est.
1024 2662 1073 2710 rte

222 2714 326 2800 Corpus
336 2719 411 2781 enirn
427 2719 500 2801 quod
513 2721 591 2803 plaga
603 2722 680 2792 terit,
693 2724 766 2805 quod
780 2733 902 2807 tempore
916 2720 1028 2786 solvunt

221 2798 313 2878 Atque
327 2797 452 2872 abolent,
465 2798 525 2881 ipso
539 2802 587 2883 qui
601 2802 690 2864 tendit
703 2803 737 2864 ad
748 2804 844 2865 ultime
855 2800 920 2873 buc,

222 2874 390 2958 Principium
404 2880 539 2941 ostendit:
554 2881 701 2964 quodque
713 2883 809 2945 sortite
824 2882 1003 2964 prouentum,

156 3084 342 3159 teAEternum
362 3087 416 3138 sine
440 3091 582 3154 praeteriti,
619 3100 802 3153 antecedent«
825 3104 951 3151 aeternum
972 3113 1034 3151 esso.
1065 3118 1077 3142 ¹·

125 3153 203 3211 etc.,»
217 3148 236 3197 il
248 3155 327 3200 existe
337 3162 387 3199 une
406 3166 506 3203 essenos
519 3154 584 3205 tter·
651 3162 799 3224 ”edesium
810 3162 834 3213 ie
842 3160 942 3213 hasard.
951 3186 982 3197 -
993 3181 1005 3206 e
1015 3160 1078 3209 Nes·

124 3211 191 3261 nelle
202 3212 245 3284 qui
265 3211 329 3261 u’est
346 3212 443 3284 inmitte
463 3217 489 3263 nt
519 3230 548 3265 er
560 3217 584 3269 te
619 3226 659 3276 cia
669 3226 774 3275 semina.
787 3245 799 3271 ι
810 3222 956 3275 ueruuuon
967 3222 1012 3274 des
1023 3228 1077 3271 oto-

124 3275 203 3335 pesse,
219 3288 245 3323 m
267 3273 439 3338 pnrl’avenir.
454 3230 587 3339 L'uddcctit
620 3287 824 3351 mesd'sspioum,
870 3340 873 3345 Ι
937 3318 941 3325 .

123 3342 213 3408 neutre
224 3345 397 3409 «niernum»
419 3352 454 3409 se¹
465 3348 582 3402 rapporte
653 3352 687 3394 η
700 3350 832 3413 superte.
844 3348 881 3398 ιω
894 3347 955 3398 imis
973 3359 1077 3412 person.

124 3400 140 3446 ὲ
155 3399 281 3449 l'rniimtit'
293 3420 304 3444 a
318 3413 393 3449 erce»
413 3413 456 3463 qur
474 3408 511 3450 est
530 3405 583 3464 pris
621 3427 665 3463 nes
677 3414 708 3463 do
722 3413 745 3461 la
760 3410 864 3462 Tiinito.

124 3471 156 3519 ici
186 3471 416 3523 substentiremcut
439 3486 537 3523 comino
559 3470 585 3520 τὸ
656 3472 776 3534 ⁴«Quod
792 3485 849 3536 quau
867 3472 1078 3546 sortitoproban-

125 3526 182 3585 din
194 3546 227 3583 en
239 3547 307 3595 grec.
322 3560 361 3600 .··
376 3534 445 3585 «Cui
460 3554 471 3579 a
493 3548 586 3603 apum
621 3543 696 3599 tun»
705 3542 788 3589 nutes
795 3534 832 3587 les
840 3535 928 3589 choses
936 3551 981 3607 qur
992 3540 1038 3587 out
1046 3547 1079 3585 eu
