2324 3960
112 162 157 215 lld
493 160 668 225 anamael.

246 261 318 325 me
330 263 380 325 ista
393 260 504 333 dirimi,
517 280 602 341 quam
615 258 752 323 novellam
763 256 862 332 dicitis,

205 340 341 403 Nascente
352 340 458 403 munda
470 340 559 417 fantus
571 349 602 403 ut
612 340 734 423 pnmdm
746 346 788 403 est
796 336 893 417 hume,

204 422 336 502 Expressa
348 420 446 512 signis,
460 420 586 505 expedita
599 432 641 487 est
652 419 763 495 litteris,

203 500 344 561 Adventus
358 520 419 582 elus
429 501 506 565 mille
516 522 565 585 per
577 500 708 573 miracula

158 598 162 605 ·
205 579 424 643 Praenuntiatus¹
438 590 594 649 amantum
606 600 740 659 nnnsonu.

242 754 344 839 Regna,
359 758 509 841 prophetae,
521 758 628 840 judiees
639 766 667 822 et
677 757 825 841 principes,

204 835 321 909 Virtute,
334 838 422 911 hellis,
436 838 564 915 cultibus,
576 840 673 912 saeris,
684 837 764 921 styla,

203 915 266 978 Non
278 916 441 980 destiterunt
452 919 567 1001 pingere
579 916 651 983 hane
662 920 780 999 ¹lorruam
790 915 889 983 eruum·

205 996 277 1058 Crux
289 1007 449 1080 praenotata,
462 1020 529 1061 crux
540 999 700 1081 adumbrata
713 996 856 1083 estpars,

205 1077 760 1161 Crueemvetustnmmhibemntsaeuula·
851 1090 855 1097 '

246 1260 369 1323 Tandem
380 1259 489 1323 relectis
498 1258 611 1327 vecibus
622 1257 800 1341 propheticis,

206 1339 297 1402 AEtate
307 1346 401 1403 nostrl
413 1339 586 1425 comprobata
596 1339 746 1421 antiquitas

206 1419 552 1489 Coramrelulsitorecons
572 1418 672 1496 inabili,

205 1498 245 1559 Nu
256 1499 401 1562 fluctuaret
410 1502 510 1565 veritas
521 1442 677 1575 lulittae,

207 1578 236 1639 Si
248 1598 304 1639 non
314 1586 419 1661 pateret
429 1590 498 1642 teste
510 1582 570 1644 aisn
579 1581 716 1659 eominus.

246 1753 318 1815 Hine
331 1774 382 1815 nos
396 1761 424 1815 et
438 1755 446 1817 i
466 1775 529 1831 snm
543 1775 599 1816 nnn
613 1755 702 1841 perire
715 1753 853 1815 credimus

206 1833 310 1917 Corpus
321 1840 344 1907 ¹,
358 1775 503 1919 sepulclrro
517 1834 591 1917 quod
606 1834 758 1896 rorandum
772 1832 906 1895 traditur:

205 1914 276 1986 Quia
288 1914 413 1976 Christus
427 1915 456 1976 in
469 1934 498 1977 se
513 1923 653 1977 mortuum
666 1934 766 2001 eorpus
777 1914 853 1981 eruci

207 1994 308 2056 Sanum
323 1995 472 2057 excitatum
487 1995 559 2073 rexit
572 1994 606 2057 ad
619 1995 720 2057 solium
735 1994 838 2079 Patris‚'
914 2038 919 2044 ·

206 2075 340 2159 Viamque
353 2076 459 2138 cunetis
473 2078 507 2139 ad
521 2076 722 2160 resurgendum
736 2077 823 2138 dedit.

240 2254 320 2318 Crux
333 2253 379 2316 illa
393 2261 487 2316 nostra
500 2261 553 2333 est,
568 2275 619 2316 nos
630 2253 784 2337 patibulum
799 2250 983 2322 ascendimus,

134 2348 137 2353 ·
206 2333 292 2396 Nubis
305 2344 464 2417 peremptus
476 2335 610 2407 Christus,
625 2344 653 2397 et
666 2335 747 2396 nohis
760 2333 833 2396 Deus

207 2411 331 2483 Christus
346 2432 481 2485 reversus,
492 2415 552 2496 ipsa
567 2416 614 2497 qui
628 2416 750 2477 moriens
763 2412 848 2474 horno
862 2420 914 2485 est,

206 2490 306 2551 Natura
321 2491 440 2573 duplex:
454 2494 581 2569 moritur,
593 2504 621 2557 et
634 2504 751 2557 murtam
764 2498 876 2554 domat:

206 2571 343 2653 Reditqnu
354 2573 383 2633 in
397 2572 474 2647 illud,
488 2574 563 2657 quod
577 2576 666 2659 perire
679 2576 792 2637 neseiat.

246 2756 354 2819 Dixisse
369 2777 453 2842 panna
464 2758 500 2819 sit
514 2756 580 2819 satis
593 2757 628 2819 de
642 2756 765 2839 mysticis
842 2772 858 2793 ·³

206 2835 312 2900 Nostrae
327 2837 433 2917 salutis,
445 2838 536 2920 deque
547 2856 676 2920 praeessu
686 2837 756 2921 spei.

203 2915 324 3005 ¹lamjam
334 2918 432 2995 silebo,
446 2910 606 3001 margaritas
616 2938 747 3005 spargere

116 3043 118 3047 ,
205 2992 308 3059 ‚christi
322 2997 786 3069 vetamurinterimmauaduseuas,

206 3071 354 3136 Lutulenta
366 3086 539 3141 senatumne
551 3084 640 3141 terant
649 3076 787 3140 animalia.

143 3310 150 3339 ¹
170 3307 474 3367 «Praenrrntiatus,»ate.
494 3311 566 3364 Salat
590 3313 648 3379 quis
668 3324 699 3373 an
726 3307 834 3377 mortuis
861 3305 1045 3373 retssttssxefllo

107 3375 169 3435 Luc,
179 3373 248 3431 Εῃεη
268 3372 358 3435 .ehap.
369 3385 419 3435 rvr,
429 3386 454 3420 v.
466 3376 505 3435 29,
517 3378 543 3424 31
558 3394 564 3424 :
589 3376 682 3439 erudera
696 3391 725 3425 ,a
795 3374 805 3379 ““

109 3434 232 3487 «Habent
280 3448 356 3499 ausen
371 3440 398 3485 et
414 3435 563 3501 prophetam
621 3438 633 3471 ²
652 3438 732 3489 «Non
744 3434 827 3503 perire
847 3446 946 3499 nurpnn,
956 3452 969 3497 a·
980 3434 1045 3499 Vna.

107 3497 209 3549 audiant
227 3497 292 3549 illus.
304 3497 328 3547 Si
349 3496 452 3562 Moysen
464 3503 490 3549 et
501 3512 561 3563 pm·
588 3501 655 3553 saint
673 3501 745 3567 Paul,
764 3498 873 3567 Epltrul
891 3510 943 3549 nux
959 3497 1048 3556 (lorin-

107 3558 195 3622 ahaua
213 3574 265 3614 non
283 3560 405 3626 audiunt,
425 3573 519 3628 nequa,
539 3561 561 3614 si
587 3563 822 3631 thirannum.
834 3565 863 3629 tt
874 3560 891 3617 t
902 3562 942 3619 20.
