2324 3960
529 166 651 220 Arcem.

223 350 285 397 vn.
302 349 459 397 Mente
477 350 518 396 de
535 348 655 412 l’dultse
675 347 912 403 §anemonen
943 347 1046 396 Saint-

401 410 531 458 Gabrtel
547 416 579 458 et
597 411 857 472 Βιὶιιι-ΒιῳΙιαεΙ.

206 550 282 611 Hane
291 559 368 634 regat
378 553 553 643 omnipotens
566 551 684 614 Michaei
697 552 822 691 Auffelus
835 571 925 625 aram,
1012 604 1017 611 .

245 630 300 691 Per
314 651 398 713 quem
409 634 417 662 ¹
430 639 519 694 vietus
530 639 588 693 erat
603 631 723 715 perfidus
736 633 744 692 i
756 633 781 693 la
790 630 883 706 draeo,

205 709 240 771 Et
252 711 346 788 procul
360 712 464 792 ejectus
474 713 548 774 celse
560 712 595 773 de
606 712 728 773 culmine
737 711 810 784 eceli,

246 789 299 862 Qui
313 792 425 873 errlpare
441 792 537 874 eupit²
552 811 661 874 semper
673 791 702 852 in
713 792 780 853 erbe
794 793 865 873 pios.

205 870 335 953 dungitur
349 872 412 933 huic
425 871 534 935 Gabriel
546 874 637 934 'serius
646 871 807 933 venerahilis
817 891 882 945 arae,
1027 890 1058 934 aa

245 951 299 1022 Qui
313 951 413 1014 virtute
428 953 472 1033 pia
483 952 571 1034 fulget
583 952 612 1013 in
627 972 688 1013 aree
700 952 768 1035 poli,

206 1031 290 1113 Cujus
306 1030 340 1093 ab
351 1052 487 1094 orestem
501 1031 598 1093 mundi
629 1051 740 1094 enatare
753 1031 877 1102 salutem,
900 1102 903 1107 ,

245 1110 387 1173 AEternam
399 1111 493 1174 didicit
503 1112 581 1194 virgo
619 1111 675 1172 aria
688 1111 789 1174 Deum.

205 1191 321 1252 Additur
333 1191 378 1252 his
391 1190 513 1273 Raphael
525 1191 619 1253 oeulos
631 1191 678 1283 qui
692 1190 763 1253 forte
774 1190 868 1253 Tobiae

244 1271 357 1333 Sanavit
373 1294 379 1331 :
397 1279 493 1333 natum
505 1270 584 1333 duxit
597 1278 626 1332 et
639 1271 686 1332 ilie
700 1280 810 1334 suumre.
844 1302 849 1309 ·
1027 1291 1056 1338 70

205 1351 261 1413 lios
274 1358 330 1413 tres
344 1352 389 1413 hie
401 1350 528 1426 precihus
537 1350 637 1412 nostris
648 1351 755 1412 adstare
769 1370 926 1432 precamur,

243 1431 345 1493 Audiat
354 1442 386 1493 ut
396 1432 515 1493 famulos
527 1430 651 1493 Christus
661 1431 694 1492 ab
707 1450 768 1492 aree
778 1450 854 1495 suaa.

259 1644 337 1692 vm.
352 1646 499 1693 consens
516 1647 563 1693 du
582 1652 676 1710 poete
694 1659 761 1694 aux
774 1645 893 1706 leuues
910 1659 1004 1708 uena.

203 1816 258 1876 Sur
278 1833 304 1887 e,
319 1834 425 1896 precor,
438 1810 561 1897 juvenis,
576 1816 670 1898 vigeas
684 1818 750 1878 dum
762 1836 875 1898 corpere
889 1836 970 1890 sano,

121 1922 125 1931 ·
203 1896 237 1957 Et
248 1836 297 1956 ribi
307 1895 397 1978 pande
407 1896 480 1957 viam
489 1895 632 1980 precihus⁸
645 1897 678 1958 ad
694 1908 766 1959 astra
778 1897 918 1980 polomm,

201 1975 259 2036 Nee
269 1975 378 2037 dederis
391 1995 490 2039 sensus
500 1981 567 2051 totat,
584 1997 662 2059 rogo,
676 1986 756 2040 noete
767 1977 868 2058 sopori.
1025 1995 1057 2041 73

200 2055 336 2119 Assiduus
350 2056 449 2140 gelidae
460 2076 576 2120 somnus
590 2068 632 2118 est
639 2059 742 2118 mertis
754 2057 857 2138 image.

199 2136 295 2219 Longa
306 2136 468 2220 quiescendi
478 2137 637 2199 faeienttibi
647 2137 739 2198 factat
752 2137 909 2218 sepulerum
927 2161 934 2198 :

201 2217 280 2278 Artes
294 2238 358 2279 nam
370 2218 458 2280 hostis
466 2218 551 2280 habet
565 2218 696 2309 antiquus
706 2217 781 2278 mille
793 2217 922 2278 uerendi.

201 2297 320 2379 Pervigil
332 2298 434 2360 ideireo
448 2317 582 2380 magnum
594 2297 642 2361 tibi
651 2297 740 2358 conde
752 2296 939 2377 triumphum,

200 2375 236 2438 Ut
246 2377 289 2457 pia
299 2385 327 2440 te
338 2377 439 2440 Christi
451 2384 594 2440 conservet
606 2376 716 2437 dextera
728 2395 847 2458 semper.
1026 2405 1059 2450 ⁸0

279 2620 283 2627 -
382 2590 434 2637 ΙΧ.
450 2586 560 2634 Patere
576 2586 720 2646 pendam
733 2587 768 2633 la
783 2588 864 2636 nult.
925 2628 929 2633 .

196 2758 250 2828 Qui
259 2755 366 2838 piacido
379 2751 505 2834 in,puppi
519 2750 647 2832 carpebat
660 2758 770 2834 pectere
785 2774 927 2832 somnum,

227 2838 230 2843 '
276 2834 434 2923 Exsurgens
446 2830 535 2893 ventis
545 2830 662 2915 imperat
672 2839 699 2893 at
711 2833 819 2917 pelago⁰

48 3118 51 3123 .
133 3076 226 3126 ¹«Per
270 3073 558 3135 emereasaintrean
587 3073 625 3124 vit
652 3073 708 3125 illos
729 3081 787 3125 ante
813 3082 977 3139 conspectum
1009 3085 1055 3136 nei

100 3153 114 3189 a
128 3139 223 3190 retraee
252 3151 297 3186 ans
313 3136 502 3199 l'Apoeelypse,
516 3136 556 3185 ch.
587 3136 667 3187 uostri
676 3137 717 3187 die
728 3151 757 3189 ec
770 3143 853 3187 noete.
872 3157 883 3182 ι,

100 3216 144 3261 xri,
164 3202 192 3258 ¹le
216 3199 316 3251 combas
333 3199 364 3250 de
386 3199 452 3249 saint
467 3199 558 3249 Michel
619 3199 792 3251 ³«Preeihus.
806 3200 915 3253 »Fiuale
933 3206 1052 3274 allongde

100 3272 187 3315 contre
196 3264 220 3314 le
229 3263 330 3312 demon.
604 3274 633 3311 ar
650 3261 675 3311 la
692 3263 787 3314 resure.
800 3261 820 3311 ll
831 3277 864 3313 err
874 3270 912 3314 est
921 3267 952 3317 da
963 3271 1051 3324 mdme

131 3328 143 3358 ¹
158 3325 230 3387 «Qui
254 3316 454 3388 culpare'cupit‚
475 3329 523 3374 ete.
544 3342 555 3368 ι
587 3275 619 3373 de
645 3322 670 3373 le
686 3323 762 3376 finale
776 3327 807 3377 de
820 3343 833 3370 a
844 3336 945 3379 somnus
957 3349 968 3375 ι
980 3332 1050 3384 deux

100 3388 171 3439 Saint
185 3386 434 3450 leamApocelypse,
451 3387 492 3435 ch.
512 3400 557 3451 xu,
588 3399 646 3436 vers
656 3386 713 3450 plus
724 3388 785 3439 lein.

100 3465 125 3500 v.
141 3454 170 3501 10
181 3466 187 3500 :
200 3449 351 3511 «Promotus
370 3456 409 3500 est
429 3455 559 3499 aecusator
620 3449 631 3479 ⁴
645 3468 656 3492 r
671 3449 765 3514 Longa,
776 3459 838 3517 etc„
857 3474 869 3498 »
888 3454 920 3505 de
940 3454 1048 3520 leugues

100 3513 211 3565 fratrum
231 3515 384 3575 nostrorum,
398 3513 441 3577 qui
454 3524 556 3562 aecusa-
588 3510 679 3562 heures
697 3512 807 3565 denudes
820 3516 991 3567 ausemmer't.
