2324 3960
539 193 633 244 snrxr
647 191 771 242 ornent.

278 297 313 357 Γῑ
326 302 365 374 te,
380 314 465 376 quem
478 294 578 375 raptim
593 293 703 374 fugiens
715 287 892 351 commendat
904 288 1036 352 honestas
1048 296 1070 371 ¹,

320 376 420 457 Perpcs
434 382 495 466 post
507 373 612 434 obitum
628 370 716 452 glorio
728 370 870 451 suscipiet.
1084 387 1128 434 lco

278 457 347 517 Nam
359 464 459 516 nostris
471 464 562 515 certus
576 453 702 525 monitis,
713 470 845 511 mansum
857 460 1001 514 memento

318 534 431 605 Omnia,
447 553 522 595 nunc
535 533 613 594 stulti
626 551 688 613 quoe
721 530 823 592 eritura
836 537 934 612 putant
947 551 955 601 ς

278 618 303 678 Α
333 635 368 676 ue
382 614 503 686 animas,
517 612 616 674 iisdem
633 551 764 672 meminis
777 609 968 685 redeuntibus
983 612 1074 695 ipsum

342 694 407 755 rede
420 702 577 775 recepturas
589 692 709 773 corporis
723 690 907 752 involucrum.

164 774 172 791 '
280 774 345 839 Ora.
361 774 448 848 color,
461 773 584 855 sanguis,
598 792 688 847 renae,
703 772 788 848 cutis,
800 790 873 844 osso,
888 771 991 854 copilli,
1084 789 1129 835 115

324 854 359 915 L't
371 854 596 925 nunciabuntur,
609 852 650 913 sic
660 854 760 913 iterum
771 851 895 912 venient.

280 934 343 995 Non
353 934 436 995 modt
448 954 511 1016 qum
524 932 640 994 tumulis
650 930 722 994 bene
736 931 845 992 conditu
856 951 921 993 sexa
934 941 1086 1010 reservent,

320 1015 376 1075 Aut
387 1014 508 1074 Arabum
520 1011 641 1074 solidans
654 1011 745 1095 puluis
754 1011 877 1093 odorque
889 1019 916 1073 te
937 1012 968 1083 ic,

281 1094 348 1167 Sed,
363 1093 436 1156 dicto
450 1094 544 1167 citius,
557 1092 692 1155 firmanda
704 1092 733 1151 in
747 1090 871 1152 membre
884 1033 985 1155 teliore

322 1174 414 1236 Portio
427 1175 462 1235 de
475 1172 600 1245 tumulis,
614 1172 703 1254 portio
714 1170 749 1233 de
758 1172 868 1243 lluuiis;
1083 1190 1131 1237 170

282 1255 362 1326 Quod
377 1262 476 1317 uentus
486 1253 552 1313 llatu
563 1251 675 1326 minuit,
691 1251 766 1333 quod
775 1251 862 1313 bestie
876 1272 982 1327 morsu,

322 1334 446 1396 Flamma
459 1333 534 1417 quod
549 1332 664 1406 exussit,
680 1332 815 1415 quodque·
824 1331 904 1392 ruina
918 1332 1029 1424 premit,

281 1415 382 1476 Totum
396 1414 493 1487 aderit,
508 1421 598 1475 totum
610 1414 715 1474 diverso
727 1431 761 1473 ex
770 1418 846 1493 porte
857 1411 951 1485 coibit,

323 1493 389 1554 Pars
399 1494 517 1571 volucri,
530 1503 577 1555 aut
590 1493 671 1576 pisci,
686 1512 748 1575 pars
760 1490 858 1552 laniate
870 1490 950 1565 leris3

282 1572 317 1634 Et
328 1576 403 1654 quod
415 1582 490 1633 nune
501 1582 567 1633 cetos
580 1573 684 1635 sensim
696 1572 819 1652 longaeua
834 1569 959 1645 resolvit,
1085 1587 1133 1634 ¹75

324 1652 354 1712 ld
365 1653 465 1733 raptim
476 1652 589 1713 Domini
602 1652 718 1714 buccine
733 1651 873 1728 restituet,

283 1731 329 1805 Ut,
344 1751 394 1813 pro
403 1730 537 1792 sactorum
550 1732 664 1803 meritis,
681 1732 710 1791 in
724 1750 838 1821 corpore
849 1730 961 1809 eodem,

324 1811 354 1872 ln
367 1831 421 1893 quo
436 1818 585 1893 gesserunt
597 1832 646 1873 seu
660 1812 742 1885 bona,
757 1831 815 1872 sue
824 1811 908 1885 mula,

284 1891 406 1967 Scilicet,
420 1892 455 1952 ed
469 1900 561 1953 motus
572 1892 728 1953 animorum
742 1910 823 1952 earne
833 1895 972 1965 reverst²,

324 1974 409 2033 Poene
419 1992 491 2045 reos,
504 1972 595 2053 justos
610 1972 696 2052 gloria
711 1970 783 2033 susci
804 1971 853 2032 int.
1085 1987 1136 2034 roo

284 2053 338 2115 Cur
349 2062 441 2114 autem
453 2051 573 2127 dubites,
589 2072 677 2135 quum
689 1991 870 2133 praeceXentia
884 2056 1040 2113 monstrent

323 2132 359 2194 Ut
369 2133 418 2195 tibi
430 2134 539 2195 uenturi
551 2133 587 2195 sit
598 2131 744 2195 manifesta
754 2129 848 2191 tides?

283 2214 402 2296 Respice
417 2215 534 2277 nudatas
547 2212 666 2275 brumali
679 2212 781 2292 frigore
793 2210 876 2272 silvas

323 2294 386 2355 lem
398 2294 549 2379 desperatis
562 2293 702 2356 luxuriare
716 2290 814 2353 comis.

284 2374 353 2445 Qum
364 2375 453 2436 stabat
467 2395 588 2436 moerens
601 2374 718 2435 decusso
727 2371 840 2454 palmite
851 2369 924 2445 ritis,
1088 2386 1136 2435 185

324 2452 446 2514 Vestitur
461 2453 544 2526 foliis,
556 2453 689 2513 fructibus
701 2452 834 2515 induitur.

286 2531 404 2613 Spioeus
416 2531 511 2592 densis
524 2532 646 2593 calamus
659 2531 781 2593 flavescit
792 2531 892 2602 aristis,

327 2611 358 2671 ln
370 2615 441 2672 terre
456 2630 574 2692 granum
589 2611 664 2693 quod
680 2611 762 2671 modo
775 2621 855 2694 putre
866 2609 938 2685 suit3

287 2691 322 2754 Et
336 2711 399 2772 queo
412 2710 487 2752 nune
500 2690 569 2752 tristi
581 2690 743 2772 squalebant
756 2712 819 2753 arva
833 2699 957 2766 veterno,

326 2771 400 2832 Lecto
411 2791 483 2832 novo
493 2770 585 2833 rident
592 2771 728 2852 germine,
745 2771 812 2833 llore
825 2770 936 2833 rubent.
1091 2787 1141 2834 190

252 2914 256 2919 ,
287 2849 348 2931 lpse
360 2850 443 2912 etiem
457 2851 538 2912 variis
550 2851 696 2913 conclusus
710 2852 862 2926 mensibus,
879 2871 970 2912 annus

327 2929 463 3012 Tempore
474 2938 580 2992 mutato
594 2932 691 2993 mortis
702 2931 786 2992 hehet
799 2931 938 3013 speciem,

287 3008 379 3079 Quum
393 3031 440 3072 ver
453 3021 599 3088 autumno,
614 3010 701 3093 frigus
715 3010 863 3093 depellitur
875 3020 965 3084 aestu3

327 3088 417 3171 thue
428 3091 573 3154 hominum
585 3112 628 3154 res
639 3100 690 3165 est,
704 3091 758 3152 hoe
770 3093 856 3165 uenit,
869 3091 938 3152 illud
950 3090 1019 3152 abit.

292 3167 351 3231 Hoc
363 3179 456 3232 tomen
470 3182 584 3248 aeterno,
598 3171 686 3234 donee
698 3171 772 3233 Deus
785 3171 893 3247 annuit,
907 3192 971 3247 usn,
1094 3189 1142 3236 195

327 3249 413 3333 lnque
424 3251 514 3314 vicem
525 3253 630 3317 alterno
643 3250 761 3317 volvitur
773 3250 884 3332 officio;

224 3464 232 3496 ¹
254 3466 378 3531 tltaptim
387 3466 488 3532 lugiens
497 3466 647 3529 honestae·
715 3464 727 3498 ⁹
744 3464 808 3515 «nd
817 3471 902 3516 motus
911 3466 1059 3518 animorum
1069 3481 1147 3520 carno

192 3529 293 3599 unevie
306 3529 591 3596 hounttequls'tooule
609 3544 649 3585 rc·
682 3527 844 3589 recusante
852 3529 923 3580 cheir
930 3530 1148 3587 ecantammeeoo

190 3591 330 3652 prdement.
685 3591 976 3658 nouvcauparl'esprit.
