2324 3960
220 188 268 239 ⁴³6
586 186 677 238 satur
692 184 849 239 BERNARD.

331 287 446 356 Quantis
457 286 536 344 bonis
547 287 556 324 ¹

331 359 497 431 superponis

295 432 408 487 Sanctus
418 438 489 500 tuos,
502 431 616 488 Domine
628 434 634 488 t

331 505 396 560 Sese
407 502 488 569 laedit,

332 573 383 641 Qui
403 572 508 628 recedit

295 643 339 701 Ab
351 649 452 700 auterno
466 645 580 702 lumine.

333 786 509 844 Viaurlantam

333 859 368 915 Et
382 858 510 932 quietam,

298 930 502 1003 Quitequanit,
512 931 613 1003 reperit
625 948 635 1002 ;

334 1003 401 1056 Nam
416 1001 533 1057 laborem

229 1075 236 1102 ¹¹
335 1073 369 1129 Et
382 1073 503 1128 dolorem

299 1142 398 1200 Metit²
412 1144 492 1216 quite
504 1143 614 1202 deserit.

336 1288 435 1343 Pacem
445 1286 529 1344 donas

337 1359 372 1413 Et
382 1374 495 1414 coronas

301 1428 350 1484 His
358 1429 405 1501 qui
416 1430 466 1486 tibi
477 1430 602 1498 militant,

336 1502 438 1556 Cuncta
452 1501 511 1558 taeta

337 1570 402 1626 Sine
415 1575 486 1628 mett

304 1641 350 1697 His
362 1641 407 1714 qui
419 1649 510 1698 tecurn
524 1641 654 1700 trahitant.

338 1783 409 1850 Heu,
424 1785 593 1854 quintiani,

339 1854 414 1909 Meus
427 1854 553 1924 tronione,

304 1925 414 1982 Visioue
428 1924 539 1995 falleris

340 2000 410 2054 [turn
425 2004 451 2053 te
466 1997 539 2054 curis

342 2068 478 2126 Nocituris

307 2141 478 2214 {inpudenter
492 2139 603 2197 inseris!

345 2287 399 2343 Gur
411 2303 466 2343 nou
477 2303 555 2343 caves

345 2360 446 2430 ansus
459 2374 553 2430 graves
567 2357 590 2426 ³,

311 2429 383 2497 Quos
394 2430 487 2486 suadet
499 2429 630 2501 proditor,

837 285 893 343 Nec
911 286 1026 347 affectas

838 358 899 414 vias
910 366 1019 430 rectas,

802 429 873 500 Quas
884 431 1011 489 ostendit
1019 429 1149 492 conditor
1157 441 1162 477 '‹

839 571 982 644 Resipisce
994 618 1004 647 ,

838 647 925 716 Atque
940 645 1035 717 disce,

804 713 886 784 Cujus
901 715 940 771 sis
955 717 1090 793 originis,

842 785 892 843 Ubi
908 787 989 860 degis

839 857 923 930 Cujus
940 860 1027 934 legis

806 928 888 1003 Cujus
902 929 941 984 sis
950 940 980 988 et
992 933 1104 992 ordinis
1112 933 1136 992 ⁴.

841 1073 881 1131 Ne
893 1080 920 1131 te
935 1090 1067 1146 spernas,

842 1145 895 1202 Sed
904 1146 1063 1217 discernaS,

807 1215 893 1272 Homo
906 1233 1021 1290 gemme
1030 1217 1129 1293 regin;

843 1287 881 1343 Te
896 1289 1056 1361 perpende,

843 1359 878 1414 Et
895 1360 1010 1417 attende

809 1427 867 1498 Qun
880 1430 919 1485 sis
931 1431 1023 1489 iactus
1033 1433 1131 1507 gratid.

844 1571 1003 1631 Recordare

845 1642 923 1713 otiis,
937 1651 965 1702 ot
976 1661 1068 1719 quare

808 1712 851 1770 Sis
866 1718 951 1772 aDso
968 1718 1112 1777 conditus.

846 1784 931 1857 Hujus
944 1786 1038 1846 haeres

844 1856 923 1913 Nunc
939 1874 1081 1926 maneres,

810 1926 839 1985 si
853 1926 949 1985 fuisses
959 1930 1101 1992 subditus.

847 2076 870 2133 0
883 2079 1006 2136 mortalis
1018 2084 1026 2136 t

848 2148 961 2217 Quantis
972 2152 1053 2210 malis

813 2218 935 2276 Meruisti
948 2220 1037 2294 affici,

849 2292 918 2348 Duru
930 2295 1035 2350 rectori

849 2362 997 2420 Etauctori

813 2432 929 2489 Noluisti
942 2434 1055 2508 subjici.

274 2587 282 2617 ¹
304 2607 316 2633 ι
327 2589 432 2648 Quantis
441 2588 521 2645 bonis,
532 2593 589 2647 etc,
600 2607 612 2632 s
623 2587 698 2650 qn'ils
719 2598 781 2640 nent
793 2590 898 2656 leugues
910 2606 956 2655 par
977 2594 1002 2646 le
1021 2611 1158 2653 monvem

242 2655 299 2700 sont
321 2652 415 2714 grands
436 2651 472 2701 les
492 2652 563 2700 hiens
584 2649 646 2700 dont
668 2656 696 2700 tu
719 2654 1065 2721 trochaiquednnhythme:

241 2713 352 2762 combles
367 2721 404 2762 tes
414 2713 512 2762 saints!
525 2737 555 2747 -
567 2729 578 2755 α
592 2712 696 2760 (instate

241 2780 267 2823 et
277 2774 359 2823 videte
371 2775 492 2836 qnoniam
506 2773 589 2821 suavis
601 2778 638 2822 ost
650 2773 697 2821 Do-

244 2835 338 2884 minus.
351 2854 362 2878 »
376 2837 416 2883 Ps.
429 2847 516 2896 norrun,
527 2848 553 2883 u.
569 2839 592 2884 8.

763 2733 812 2778 Gur
822 2745 869 2778 non
879 2734 948 2780 cdves
959 2737 1044 2794 idpsus
1060 2744 1154 2800 graves.

721 2808 836 2859 L'accent
855 2816 927 2872 porte
948 2812 1017 2864 donc
1041 2818 1078 2868 ici
1098 2835 1145 2873 sur

275 2896 316 2940 2«
340 2896 420 2946 uteris.
440 2915 450 2940 o
478 2897 513 2944 De
536 2914 548 2941 o
568 2902 697 2961 metere»
723 2872 887 2934 mammet
901 2880 927 2923 ‘³⁸
939 2872 958 2922 fl
977 2889 1012 2927 θη
1032 2882 1161 2950 prolonga

247 2957 412 3021 moissonner‚
423 2958 560 3008 recueillir.

277 3021 287 3050 ³
307 3039 318 3064 a
329 3022 431 3071 Graves
442 3040 453 3064 »
467 3023 532 3071 Poor
543 3020 701 3071 reconnaitre

245 3083 267 3132 si
276 3082 300 3132 la
308 3083 466 3195 (paenultierne
477 3091 514 3134 est
522 3086 636 3147 tooj0urs
648 3084 701 3133 lon-

725 2935 862 3046 ffinstians
879 2936 915 2984 les
934 2950 995 2988 vers
1009 2940 1044 2992 de
1068 2953 1156 3011 sepis

767 3010 780 3045 e
805 3011 811 3045 ε

808 3068 874 3124 Quos
886 3069 971 3115 suddet
982 3075 1113 3128 proditor.

326 3160 370 3196 ans
385 3148 421 3195 les
436 3159 493 3195 vers
511 3147 542 3196 do
560 3148 616 3197 hnit
629 3146 703 3210 sylla·
728 3147 762 3197 La
789 3149 863 3210 ucis,
884 3162 917 3198 au
940 3156 1075 3210 contraire
1155 3162 1161 3174 ¹

245 3159 298 3272 {eug
316 3208 335 3258 il
353 3223 385 3258 ne
400 3208 451 3257 saut
477 3223 522 3319 pas
540 3209 592 3258 s'on
608 3210 703 3258 referes
728 3197 1159 3282 tres-legirernentsurlapen'ultio

246 3272 408 3336 simplement
421 3284 472 3320 ann

491 3271 527 3320 ois
539 3272 570 3320 de
586 3271 610 3320 la
619 3284 703 3334 proso-

246 3334 287 3384 die
300 3335 430 3385 ancienne.
438 3333 506 3383 Nous
512 3340 705 3384 rencontrerons

740 3273 944 3384 orrr’ggtguablratge,
962 3285 989 3326 et
1004 3287 1158 3339 retornbee

920 3337 986 3388 nate.

246 3397 368 3460 quelques
376 3397 645 3458 penultiernescornme
655 3400 705 3446 cei·
763 3396 773 3426 ⁴
790 3398 859 3446 «Ubi
875 3396 978 3462 degis»
993 3402 1020 3453 ld
1030 3408 1070 3458 ou
1083 3416 1116 3462 tu
1128 3412 1157 3463 h.

247 3521 345 3584 d'npres

247 3460 271 3509 le
283 3459 313 3509 de
331 3471 470 3568 «graves»
483 3458 527 3521 qni
540 3464 597 3508 sont
614 3459 704 3508 breves
730 3464 779 3509 tes.
798 3485 829 3496 -
846 3460 1025 3515 Constrnisez:
1047 3472 1151 3528 «Disce

367 3534 393 3570 es
409 3521 490 3585 regies
502 3520 533 3570 de
546 3519 704 3571 laversiiice-
727 3521 770 3584 J'us
779 3521 893 3586 legissis,
906 3528 933 3573 et
943 3526 1020 3588 cujus
1031 3534 1151 3601 ordinis,

246 3583 300 3633 tion
314 3582 440 3647 metuique
448 3620 457 3647 ,
472 3583 537 3633 mais
547 3583 593 3646 qui
603 3583 706 3638 dorien-
730 3583 836 3646 degis.»
