<?xml version="1.0" encoding="UTF-8"?>
<!DOCTYPE html PUBLIC "-//W3C//DTD XHTML 1.0 Transitional//EN"
    "http://www.w3.org/TR/xhtml1/DTD/xhtml1-transitional.dtd">
<html xmlns="http://www.w3.org/1999/xhtml" xml:lang="en" lang="en">
 <head>
  <title>
</title>
<meta http-equiv="Content-Type" content="text/html;charset=utf-8" />
  <meta name='ocr-system' content='tesseract 3.04.00' />
  <meta name='ocr-capabilities' content='ocr_page ocr_carea ocr_par ocr_line ocrx_word'/>
</head>
<body>
  <div class='ocr_page' id='page_1' title='image "./carminaepoetisc01clgoog_0324.png"; bbox 0 0 2324 3960; ppageno 0'>
   <div class='ocr_carea' id='block_1_1' title="bbox 376 178 1040 241">
    <p class='ocr_par' dir='ltr' id='par_1_1' title="bbox 376 178 1040 241">
     <span class='ocr_line' id='line_1_1' title="bbox 376 178 1040 241; baseline -0.005 -1"><span class='ocrx_word' id='word_1_1' title='bbox 376 178 381 187; x_wconf 83' lang='lat'><strong><em>&#39;</em></strong></span> <span class='ocrx_word' id='word_1_2' title='bbox 463 190 555 240; x_wconf 73' lang='lat' dir='ltr'><strong>stiur</strong></span> <span class='ocrx_word' id='word_1_3' title='bbox 572 189 657 241; x_wconf 72' lang='lat' dir='ltr'><strong>ivm.</strong></span> <span class='ocrx_word' id='word_1_4' title='bbox 992 185 1040 239; x_wconf 77' lang='lat' dir='ltr'><strong>eoa</strong></span> 
     </span>
    </p>
   </div>
   <div class='ocr_carea' id='block_1_2' title="bbox 104 285 1074 1735">
    <p class='ocr_par' dir='ltr' id='par_1_2' title="bbox 104 285 1074 1735">
     <span class='ocr_line' id='line_1_2' title="bbox 193 285 1042 386; baseline -0.005 -35"><span class='ocrx_word' id='word_1_5' title='bbox 193 286 254 352; x_wconf 87' lang='lat' dir='ltr'><strong>Vim</strong></span> <span class='ocrx_word' id='word_1_6' title='bbox 269 295 415 386; x_wconf 79' lang='lat' dir='ltr'>propriam,</span> <span class='ocrx_word' id='word_1_7' title='bbox 429 295 593 374; x_wconf 78' lang='lat' dir='ltr'><strong>summalque</strong></span> <span class='ocrx_word' id='word_1_8' title='bbox 607 289 673 352; x_wconf 89' lang='lat' dir='ltr'><strong>eluit</strong></span> <span class='ocrx_word' id='word_1_9' title='bbox 686 293 786 351; x_wconf 84' lang='lat' dir='ltr'><strong>vrrtute</strong></span> <span class='ocrx_word' id='word_1_10' title='bbox 798 285 927 351; x_wconf 84' lang='lat' dir='ltr'><strong>nocendi.</strong></span> <span class='ocrx_word' id='word_1_11' title='bbox 994 301 1042 348; x_wconf 73' lang='lat' dir='ltr'><strong>rec</strong></span> 
     </span>
     <span class='ocr_line' id='line_1_3' title="bbox 192 364 923 454; baseline -0.004 -23"><span class='ocrx_word' id='word_1_12' title='bbox 192 369 237 434; x_wconf 90' lang='lat' dir='ltr'><strong>Nil</strong></span> <span class='ocrx_word' id='word_1_13' title='bbox 251 372 361 434; x_wconf 77' lang='lat' dir='ltr'><strong>differre</strong></span> <span class='ocrx_word' id='word_1_14' title='bbox 367 372 446 454; x_wconf 84' lang='lat' dir='ltr'><strong>juvat</strong></span> <span class='ocrx_word' id='word_1_15' title='bbox 458 394 465 434; x_wconf 74' lang='grc' dir='ltr'>ε</span> <span class='ocrx_word' id='word_1_16' title='bbox 478 372 535 453; x_wconf 87' lang='lat' dir='ltr'><strong>jam</strong></span> <span class='ocrx_word' id='word_1_17' title='bbox 548 391 624 433; x_wconf 91' lang='lat' dir='ltr'><strong>nuno</strong></span> <span class='ocrx_word' id='word_1_18' title='bbox 636 367 787 433; x_wconf 87' lang='lat' dir='ltr'><strong>certamine</strong></span> <span class='ocrx_word' id='word_1_19' title='bbox 800 364 901 429; x_wconf 85' lang='lat' dir='ltr'><strong>blando</strong></span> <span class='ocrx_word' id='word_1_20' title='bbox 914 373 923 409; x_wconf 90' lang='lat'><strong>¹</strong></span> 
     </span>
     <span class='ocr_line' id='line_1_4' title="bbox 193 445 959 535; baseline -0.005 -22"><span class='ocrx_word' id='word_1_21' title='bbox 193 450 371 535; x_wconf 76' lang='lat' dir='ltr'><strong>congrediar,</strong></span> <span class='ocrx_word' id='word_1_22' title='bbox 387 452 454 514; x_wconf 90' lang='lat' dir='ltr'><strong>dom</strong></span> <span class='ocrx_word' id='word_1_23' title='bbox 468 454 555 533; x_wconf 89' lang='lat' dir='ltr'><strong>prima</strong></span> <span class='ocrx_word' id='word_1_24' title='bbox 567 451 641 513; x_wconf 90' lang='lat' dir='ltr'><strong>salus</strong></span> <span class='ocrx_word' id='word_1_25' title='bbox 651 456 674 525; x_wconf 79' lang='lat'><strong>²,</strong></span> <span class='ocrx_word' id='word_1_26' title='bbox 691 459 804 532; x_wconf 80' lang='lat' dir='ltr'><strong>experta</strong></span> <span class='ocrx_word' id='word_1_27' title='bbox 819 467 871 510; x_wconf 90' lang='lat' dir='ltr'><strong>nec</strong></span> <span class='ocrx_word' id='word_1_28' title='bbox 884 445 959 509; x_wconf 89' lang='lat' dir='ltr'><strong>ullos</strong></span> 
     </span>
     <span class='ocr_line' id='line_1_5' title="bbox 193 528 800 624; baseline 0 -32"><span class='ocrx_word' id='word_1_29' title='bbox 193 529 360 614; x_wconf 80' lang='lat' dir='ltr'><strong>Simplicitas</strong></span> <span class='ocrx_word' id='word_1_30' title='bbox 373 528 468 624; x_wconf 73' lang='lat' dir='ltr'><strong>ignara</strong></span> <span class='ocrx_word' id='word_1_31' title='bbox 480 531 559 594; x_wconf 88' lang='lat' dir='ltr'><strong>dolos</strong></span> <span class='ocrx_word' id='word_1_32' title='bbox 572 531 606 594; x_wconf 88' lang='lat' dir='ltr'><strong>ad</strong></span> <span class='ocrx_word' id='word_1_33' title='bbox 620 530 674 594; x_wconf 86' lang='lat' dir='ltr'><strong>tela</strong></span> <span class='ocrx_word' id='word_1_34' title='bbox 687 529 800 613; x_wconf 84' lang='lat' dir='ltr'><strong>patebit.</strong></span> 
     </span>
     <span class='ocr_line' id='line_1_6' title="bbox 193 610 864 694; baseline -0.001 -21"><span class='ocrx_word' id='word_1_35' title='bbox 193 611 227 673; x_wconf 86' lang='lat' dir='ltr'><strong>Et</strong></span> <span class='ocrx_word' id='word_1_36' title='bbox 238 612 339 674; x_wconf 79' lang='lat' dir='ltr'><strong>melius</strong></span> <span class='ocrx_word' id='word_1_37' title='bbox 349 613 401 674; x_wconf 88' lang='lat' dir='ltr'><strong>soh</strong></span> <span class='ocrx_word' id='word_1_38' title='bbox 416 612 560 694; x_wconf 76' lang='lat' dir='ltr'><strong>capientur</strong></span> <span class='ocrx_word' id='word_1_39' title='bbox 572 610 679 686; x_wconf 79' lang='lat' dir='ltr'><strong>fraude,</strong></span> <span class='ocrx_word' id='word_1_40' title='bbox 702 610 864 693; x_wconf 82' lang='lat' dir='ltr'><strong>priusquam</strong></span> 
     </span>
     <span class='ocr_line' id='line_1_7' title="bbox 193 690 1042 773; baseline -0.001 -21"><span class='ocrx_word' id='word_1_41' title='bbox 193 691 351 754; x_wconf 79' lang='lat' dir='ltr'><strong>Fecrrndam</strong></span> <span class='ocrx_word' id='word_1_42' title='bbox 365 693 477 754; x_wconf 86' lang='lat' dir='ltr'><strong>mittant</strong></span> <span class='ocrx_word' id='word_1_43' title='bbox 488 702 592 755; x_wconf 80' lang='lat' dir='ltr'><strong>aeterna</strong></span> <span class='ocrx_word' id='word_1_44' title='bbox 606 691 635 753; x_wconf 91' lang='lat' dir='ltr'><strong>in</strong></span> <span class='ocrx_word' id='word_1_45' title='bbox 648 690 749 753; x_wconf 76' lang='lat' dir='ltr'><strong>saecula</strong></span> <span class='ocrx_word' id='word_1_46' title='bbox 758 691 874 773; x_wconf 89' lang='lat' dir='ltr'><strong>prolem.</strong></span> <span class='ocrx_word' id='word_1_47' title='bbox 991 702 1042 751; x_wconf 85' lang='lat' dir='ltr'><strong>aoo</strong></span> 
     </span>
     <span class='ocr_line' id='line_1_8' title="bbox 193 770 862 855; baseline 0 -25"><span class='ocrx_word' id='word_1_48' title='bbox 193 771 350 834; x_wconf 88' lang='lat' dir='ltr'><strong>lmmortale</strong></span> <span class='ocrx_word' id='word_1_49' title='bbox 363 771 433 833; x_wconf 88' lang='lat' dir='ltr'><strong>nihil</strong></span> <span class='ocrx_word' id='word_1_50' title='bbox 445 771 631 855; x_wconf 79' lang='lat' dir='ltr'><strong>terrtprodire</strong></span> <span class='ocrx_word' id='word_1_51' title='bbox 646 770 794 833; x_wconf 85' lang='lat' dir='ltr'><strong>sinendum</strong></span> <span class='ocrx_word' id='word_1_52' title='bbox 809 777 862 832; x_wconf 87' lang='lat' dir='ltr'><strong>est.</strong></span> 
     </span>
     <span class='ocr_line' id='line_1_9' title="bbox 193 850 901 945; baseline -0.001 -33"><span class='ocrx_word' id='word_1_53' title='bbox 193 851 267 914; x_wconf 84' lang='lat' dir='ltr'><strong>Fons</strong></span> <span class='ocrx_word' id='word_1_54' title='bbox 277 852 384 934; x_wconf 83' lang='lat' dir='ltr'><strong>generis</strong></span> <span class='ocrx_word' id='word_1_55' title='bbox 397 862 511 935; x_wconf 87' lang='lat' dir='ltr'><strong>pereat;</strong></span> <span class='ocrx_word' id='word_1_56' title='bbox 527 852 623 945; x_wconf 88' lang='lat' dir='ltr'><strong>capitis</strong></span> <span class='ocrx_word' id='word_1_57' title='bbox 638 851 754 913; x_wconf 86' lang='lat' dir='ltr'><strong>delectio</strong></span> <span class='ocrx_word' id='word_1_58' title='bbox 768 850 901 912; x_wconf 88' lang='lat' dir='ltr'><strong>memhris</strong></span> 
     </span>
     <span class='ocr_line' id='line_1_10' title="bbox 194 929 848 1017; baseline -0.002 -25"><span class='ocrx_word' id='word_1_59' title='bbox 194 929 298 994; x_wconf 88' lang='lat' dir='ltr'><strong>Semen</strong></span> <span class='ocrx_word' id='word_1_60' title='bbox 313 932 408 994; x_wconf 87' lang='lat' dir='ltr'><strong>mortis</strong></span> <span class='ocrx_word' id='word_1_61' title='bbox 420 933 472 996; x_wconf 85' lang='lat' dir='ltr'><strong>erit</strong></span> <span class='ocrx_word' id='word_1_62' title='bbox 486 958 493 1006; x_wconf 83' lang='lat'>3</span> <span class='ocrx_word' id='word_1_63' title='bbox 509 939 596 1017; x_wconf 80' lang='lat' dir='ltr'><strong>pariat</strong></span> <span class='ocrx_word' id='word_1_64' title='bbox 608 931 765 992; x_wconf 89' lang='lat' dir='ltr'><strong>discrimina</strong></span> <span class='ocrx_word' id='word_1_65' title='bbox 779 930 848 992; x_wconf 91' lang='lat' dir='ltr'><strong>lethi</strong></span> 
     </span>
     <span class='ocr_line' id='line_1_11' title="bbox 196 1010 839 1093; baseline -0.002 -21"><span class='ocrx_word' id='word_1_66' title='bbox 196 1010 262 1077; x_wconf 77' lang='lat' dir='ltr'><strong>Vite</strong></span> <span class='ocrx_word' id='word_1_67' title='bbox 291 1012 458 1093; x_wconf 86' lang='lat' dir='ltr'><strong>riricipium;</strong></span> <span class='ocrx_word' id='word_1_68' title='bbox 475 1012 566 1075; x_wconf 89' lang='lat' dir='ltr'><strong>cuncti</strong></span> <span class='ocrx_word' id='word_1_69' title='bbox 579 1011 712 1074; x_wconf 85' lang='lat' dir='ltr'><strong>feriantur</strong></span> <span class='ocrx_word' id='word_1_70' title='bbox 724 1011 753 1073; x_wconf 97' lang='lat' dir='ltr'><strong>in</strong></span> <span class='ocrx_word' id='word_1_71' title='bbox 763 1031 819 1072; x_wconf 94' lang='lat' dir='ltr'><strong>uno</strong></span> <span class='ocrx_word' id='word_1_72' title='bbox 832 1029 839 1071; x_wconf 72' lang='grc' dir='ltr'><strong>ι</strong></span> 
     </span>
     <span class='ocr_line' id='line_1_12' title="bbox 104 1033 1045 1155; baseline -0.005 -3"><span class='ocrx_word' id='word_1_73' title='bbox 104 1090 109 1099; x_wconf 86' lang='grc'><strong>“</strong></span> <span class='ocrx_word' id='word_1_74' title='bbox 193 1089 255 1153; x_wconf 90' lang='lat' dir='ltr'><strong>Non</strong></span> <span class='ocrx_word' id='word_1_75' title='bbox 268 1033 350 1154; x_wconf 69' lang='lat' dir='ltr'><strong>dioclet</strong></span> <span class='ocrx_word' id='word_1_76' title='bbox 362 1093 455 1154; x_wconf 83' lang='lat' dir='ltr'><strong>vivum</strong></span> <span class='ocrx_word' id='word_1_77' title='bbox 467 1094 543 1155; x_wconf 82' lang='lat' dir='ltr'><strong>radix</strong></span> <span class='ocrx_word' id='word_1_78' title='bbox 556 1093 644 1155; x_wconf 89' lang='lat' dir='ltr'><strong>occisa</strong></span> <span class='ocrx_word' id='word_1_79' title='bbox 656 1111 799 1154; x_wconf 86' lang='lat' dir='ltr'><strong>cacumen.</strong></span> <span class='ocrx_word' id='word_1_80' title='bbox 994 1098 1045 1148; x_wconf 78' lang='lat'><strong>205</strong></span> 
     </span>
     <span class='ocr_line' id='line_1_13' title="bbox 194 1171 813 1253; baseline -0.002 -20"><span class='ocrx_word' id='word_1_81' title='bbox 194 1171 259 1234; x_wconf 84' lang='lat' dir='ltr'><strong>Haec</strong></span> <span class='ocrx_word' id='word_1_82' title='bbox 271 1172 341 1234; x_wconf 92' lang='lat' dir='ltr'><strong>mihi</strong></span> <span class='ocrx_word' id='word_1_83' title='bbox 351 1172 457 1253; x_wconf 91' lang='lat' dir='ltr'><strong>dejecto</strong></span> <span class='ocrx_word' id='word_1_84' title='bbox 470 1177 577 1237; x_wconf 84' lang='lat' dir='ltr'><strong>tantdm</strong></span> <span class='ocrx_word' id='word_1_85' title='bbox 591 1173 686 1235; x_wconf 88' lang='lat' dir='ltr'><strong>solatia</strong></span> <span class='ocrx_word' id='word_1_86' title='bbox 701 1180 813 1233; x_wconf 79' lang='lat' dir='ltr'><strong>restant.</strong></span> 
     </span>
     <span class='ocr_line' id='line_1_14' title="bbox 194 1246 890 1335; baseline -0.007 -23"><span class='ocrx_word' id='word_1_87' title='bbox 194 1251 224 1312; x_wconf 88' lang='lat' dir='ltr'><strong>Si</strong></span> <span class='ocrx_word' id='word_1_88' title='bbox 238 1272 347 1335; x_wconf 78' lang='lat' dir='ltr'><strong>nequeo</strong></span> <span class='ocrx_word' id='word_1_89' title='bbox 358 1254 467 1315; x_wconf 86' lang='lat' dir='ltr'><strong>clausos</strong></span> <span class='ocrx_word' id='word_1_90' title='bbox 479 1255 579 1317; x_wconf 90' lang='lat' dir='ltr'><strong>iterum</strong></span> <span class='ocrx_word' id='word_1_91' title='bbox 597 1252 783 1315; x_wconf 77' lang='lat' dir='ltr'><strong>conscendere</strong></span> <span class='ocrx_word' id='word_1_92' title='bbox 794 1246 890 1319; x_wconf 80' lang='lat' dir='ltr'><strong>coelos,</strong></span> 
     </span>
     <span class='ocr_line' id='line_1_15' title="bbox 194 1325 1053 1416; baseline -0.008 -23"><span class='ocrx_word' id='word_1_93' title='bbox 194 1330 244 1394; x_wconf 77' lang='lat' dir='ltr'><strong>His</strong></span> <span class='ocrx_word' id='word_1_94' title='bbox 255 1352 365 1416; x_wconf 87' lang='lat' dir='ltr'><strong>quoque</strong></span> <span class='ocrx_word' id='word_1_95' title='bbox 377 1333 541 1397; x_wconf 89' lang='lat' dir='ltr'><strong>claudantur</strong></span> <span class='ocrx_word' id='word_1_96' title='bbox 556 1358 563 1396; x_wconf 73' lang='grc' dir='ltr'><strong><em>ι</em></strong></span> <span class='ocrx_word' id='word_1_97' title='bbox 580 1334 668 1395; x_wconf 77' lang='lat' dir='ltr'><strong>levius</strong></span> <span class='ocrx_word' id='word_1_98' title='bbox 681 1330 814 1393; x_wconf 82' lang='lat' dir='ltr'><strong>cecidisse</strong></span> <span class='ocrx_word' id='word_1_99' title='bbox 827 1325 980 1412; x_wconf 87' lang='lat' dir='ltr'><strong>putandum</strong></span> <span class='ocrx_word' id='word_1_100' title='bbox 994 1332 1053 1395; x_wconf 86' lang='lat' dir='ltr'><strong>est,</strong></span> 
     </span>
     <span class='ocr_line' id='line_1_16' title="bbox 194 1411 1074 1494; baseline -0.002 -22"><span class='ocrx_word' id='word_1_101' title='bbox 194 1411 225 1473; x_wconf 91' lang='lat' dir='ltr'><strong>Si</strong></span> <span class='ocrx_word' id='word_1_102' title='bbox 239 1432 308 1474; x_wconf 88' lang='lat' dir='ltr'><strong>nova</strong></span> <span class='ocrx_word' id='word_1_103' title='bbox 323 1413 452 1494; x_wconf 87' lang='lat' dir='ltr'><strong>perdatur</strong></span> <span class='ocrx_word' id='word_1_104' title='bbox 464 1414 547 1475; x_wconf 89' lang='lat' dir='ltr'><strong>simili</strong></span> <span class='ocrx_word' id='word_1_105' title='bbox 562 1411 733 1474; x_wconf 81' lang='lat' dir='ltr'><strong>substantia⁸</strong></span> <span class='ocrx_word' id='word_1_106' title='bbox 749 1430 825 1491; x_wconf 87' lang='lat' dir='ltr'><strong>casu,</strong></span> <span class='ocrx_word' id='word_1_107' title='bbox 1068 1486 1074 1491; x_wconf 36' lang='grc'><strong>,</strong></span> 
     </span>
     <span class='ocr_line' id='line_1_17' title="bbox 194 1490 1067 1573; baseline -0.006 -20"><span class='ocrx_word' id='word_1_108' title='bbox 194 1491 226 1553; x_wconf 88' lang='lat' dir='ltr'><strong>Si</strong></span> <span class='ocrx_word' id='word_1_109' title='bbox 239 1513 332 1554; x_wconf 89' lang='lat' dir='ltr'><strong>eomes</strong></span> <span class='ocrx_word' id='word_1_110' title='bbox 344 1492 441 1553; x_wconf 81' lang='lat' dir='ltr'><strong>excidii</strong></span> <span class='ocrx_word' id='word_1_111' title='bbox 455 1494 552 1553; x_wconf 86' lang='lat' dir='ltr'><strong>subeat</strong></span> <span class='ocrx_word' id='word_1_112' title='bbox 565 1490 699 1552; x_wconf 88' lang='lat' dir='ltr'><strong>consortia</strong></span> <span class='ocrx_word' id='word_1_113' title='bbox 714 1508 816 1573; x_wconf 79' lang='lat' dir='ltr'><strong>poenoe,</strong></span> <span class='ocrx_word' id='word_1_114' title='bbox 994 1502 1047 1549; x_wconf 85' lang='lat'><strong>210</strong></span> <span class='ocrx_word' id='word_1_115' title='bbox 1063 1512 1067 1519; x_wconf 93' lang='lat'>·</span> 
     </span>
     <span class='ocr_line' id='line_1_18' title="bbox 193 1570 840 1712; baseline -0.005 -78"><span class='ocrx_word' id='word_1_116' title='bbox 193 1571 228 1634; x_wconf 83' lang='lat' dir='ltr'><strong>Et</strong></span> <span class='ocrx_word' id='word_1_117' title='bbox 240 1593 309 1656; x_wconf 89' lang='lat' dir='ltr'><strong>quos</strong></span> <span class='ocrx_word' id='word_1_118' title='bbox 318 1571 461 1712; x_wconf 66' lang='lat' dir='ltr'><strong>praevideo</strong></span> <span class='ocrx_word' id='word_1_119' title='bbox 475 1570 619 1633; x_wconf 87' lang='lat' dir='ltr'><strong>nobiscum</strong></span> <span class='ocrx_word' id='word_1_120' title='bbox 633 1570 737 1633; x_wconf 87' lang='lat' dir='ltr'><strong>dividat</strong></span> <span class='ocrx_word' id='word_1_121' title='bbox 751 1571 840 1654; x_wconf 77' lang='lat' dir='ltr'><strong>ignes.</strong></span> 
     </span>
     <span class='ocr_line' id='line_1_19' title="bbox 194 1648 854 1735; baseline 0 -23"><span class='ocrx_word' id='word_1_122' title='bbox 194 1651 250 1714; x_wconf 87' lang='lat' dir='ltr'><strong>Sed</strong></span> <span class='ocrx_word' id='word_1_123' title='bbox 267 1672 304 1713; x_wconf 90' lang='lat' dir='ltr'><strong>ne</strong></span> <span class='ocrx_word' id='word_1_124' title='bbox 337 1650 439 1712; x_wconf 85' lang='lat' dir='ltr'><strong>illicitis</strong></span> <span class='ocrx_word' id='word_1_125' title='bbox 450 1648 562 1713; x_wconf 82' lang='lat' dir='ltr'><strong>fallendi</strong></span> <span class='ocrx_word' id='word_1_126' title='bbox 573 1670 655 1714; x_wconf 87' lang='lat' dir='ltr'><strong>causa</strong></span> <span class='ocrx_word' id='word_1_127' title='bbox 666 1658 788 1735; x_wconf 85' lang='lat' dir='ltr'><strong>putetur,</strong></span> <span class='ocrx_word' id='word_1_128' title='bbox 850 1662 854 1669; x_wconf 89' lang='lat'>&#39;</span> 
     </span>
    </p>
   </div>
   <div class='ocr_carea' id='block_1_3' title="bbox 194 1729 1049 1905">
    <p class='ocr_par' dir='ltr' id='par_1_3' title="bbox 194 1729 1049 1905">
     <span class='ocr_line' id='line_1_20' title="bbox 194 1729 1049 1817; baseline -0.006 -23"><span class='ocrx_word' id='word_1_129' title='bbox 194 1732 260 1794; x_wconf 81' lang='lat' dir='ltr'><strong>llaec</strong></span> <span class='ocrx_word' id='word_1_130' title='bbox 281 1730 459 1793; x_wconf 88' lang='lat' dir='ltr'><strong>monstranda</strong></span> <span class='ocrx_word' id='word_1_131' title='bbox 473 1732 516 1793; x_wconf 89' lang='lat' dir='ltr'><strong>via</strong></span> <span class='ocrx_word' id='word_1_132' title='bbox 530 1738 583 1813; x_wconf 88' lang='lat' dir='ltr'><strong>est,</strong></span> <span class='ocrx_word' id='word_1_133' title='bbox 603 1731 708 1794; x_wconf 90' lang='lat' dir='ltr'><strong>dudum</strong></span> <span class='ocrx_word' id='word_1_134' title='bbox 727 1753 809 1814; x_wconf 88' lang='lat' dir='ltr'><strong>quam</strong></span> <span class='ocrx_word' id='word_1_135' title='bbox 828 1732 926 1817; x_wconf 77' lang='lat' dir='ltr'><strong>sponte</strong></span> <span class='ocrx_word' id='word_1_136' title='bbox 939 1729 1049 1792; x_wconf 84' lang='lat' dir='ltr'><strong>cucurri</strong></span> 
     </span>
     <span class='ocr_line' id='line_1_21' title="bbox 195 1811 841 1905; baseline 0.005 -33"><span class='ocrx_word' id='word_1_137' title='bbox 195 1812 225 1872; x_wconf 90' lang='lat' dir='ltr'><strong>ln</strong></span> <span class='ocrx_word' id='word_1_138' title='bbox 240 1831 358 1894; x_wconf 90' lang='lat' dir='ltr'><strong>pronum</strong></span> <span class='ocrx_word' id='word_1_139' title='bbox 370 1811 482 1905; x_wconf 63' lang='lat' dir='ltr'><strong>lapsosr</strong></span> <span class='ocrx_word' id='word_1_140' title='bbox 498 1833 562 1896; x_wconf 71' lang='lat' dir='ltr'><strong>quar</strong></span> <span class='ocrx_word' id='word_1_141' title='bbox 574 1833 620 1875; x_wconf 91' lang='lat' dir='ltr'><strong>me</strong></span> <span class='ocrx_word' id='word_1_142' title='bbox 628 1812 758 1894; x_wconf 83' lang='lat' dir='ltr'><strong>jactantia</strong></span> <span class='ocrx_word' id='word_1_143' title='bbox 771 1812 841 1875; x_wconf 86' lang='lat' dir='ltr'><strong>coelo</strong></span> 
     </span>
    </p>
   </div>
   <div class='ocr_carea' id='block_1_4' title="bbox 195 1891 1046 2055">
    <p class='ocr_par' dir='ltr' id='par_1_4' title="bbox 195 1891 1046 2055">
     <span class='ocr_line' id='line_1_22' title="bbox 195 1891 1046 1976; baseline 0.005 -25"><span class='ocrx_word' id='word_1_144' title='bbox 195 1891 316 1973; x_wconf 80' lang='lat' dir='ltr'><strong>Expulit,</strong></span> <span class='ocrx_word' id='word_1_145' title='bbox 332 1892 392 1954; x_wconf 84' lang='lat' dir='ltr'><strong>haec</strong></span> <span class='ocrx_word' id='word_1_146' title='bbox 406 1891 550 1955; x_wconf 88' lang='lat' dir='ltr'><strong>hommem</strong></span> <span class='ocrx_word' id='word_1_147' title='bbox 564 1893 681 1976; x_wconf 87' lang='lat' dir='ltr'><strong>paradisi</strong></span> <span class='ocrx_word' id='word_1_148' title='bbox 693 1914 709 1955; x_wconf 90' lang='lat' dir='ltr'><strong>e</strong></span> <span class='ocrx_word' id='word_1_149' title='bbox 722 1894 821 1955; x_wconf 88' lang='lat' dir='ltr'><strong>limine</strong></span> <span class='ocrx_word' id='word_1_150' title='bbox 834 1893 928 1974; x_wconf 88' lang='lat' dir='ltr'><strong>pellat.</strong></span> <span class='ocrx_word' id='word_1_151' title='bbox 944 1912 959 1950; x_wconf 76' lang='lat' dir='ltr'><strong>a</strong></span> <span class='ocrx_word' id='word_1_152' title='bbox 996 1906 1046 1954; x_wconf 81' lang='lat'><strong>215</strong></span> 
     </span>
     <span class='ocr_line' id='line_1_23' title="bbox 195 1970 866 2055; baseline 0 -24"><span class='ocrx_word' id='word_1_153' title='bbox 195 1970 241 2032; x_wconf 87' lang='lat' dir='ltr'><strong>Sic</strong></span> <span class='ocrx_word' id='word_1_154' title='bbox 255 1973 303 2050; x_wconf 86' lang='lat' dir='ltr'><strong>ait,</strong></span> <span class='ocrx_word' id='word_1_155' title='bbox 320 1981 347 2036; x_wconf 93' lang='lat' dir='ltr'><strong>et</strong></span> <span class='ocrx_word' id='word_1_156' title='bbox 359 1973 481 2055; x_wconf 80' lang='lat' dir='ltr'><strong>gemitus</strong></span> <span class='ocrx_word' id='word_1_157' title='bbox 490 1992 587 2034; x_wconf 83' lang='lat' dir='ltr'><strong>vocem</strong></span> <span class='ocrx_word' id='word_1_158' title='bbox 601 1973 723 2034; x_wconf 90' lang='lat' dir='ltr'><strong>clausere</strong></span> <span class='ocrx_word' id='word_1_159' title='bbox 738 1971 866 2043; x_wconf 73' lang='lat' dir='ltr'><strong>dolentis,</strong></span> 
     </span>
    </p>
   </div>
   <div class='ocr_carea' id='block_1_5' title="bbox 318 2202 926 2263">
    <p class='ocr_par' dir='ltr' id='par_1_5' title="bbox 318 2202 926 2263">
     <span class='ocr_line' id='line_1_24' title="bbox 318 2202 926 2263; baseline 0 -15"><span class='ocrx_word' id='word_1_160' title='bbox 318 2205 378 2250; x_wconf 69' lang='lat' dir='ltr'><strong>vll.</strong></span> <span class='ocrx_word' id='word_1_161' title='bbox 396 2204 439 2250; x_wconf 70' lang='lat' dir='ltr'><strong>Le</strong></span> <span class='ocrx_word' id='word_1_162' title='bbox 456 2202 589 2263; x_wconf 65' lang='lat' dir='ltr'><strong>serpent</strong></span> <span class='ocrx_word' id='word_1_163' title='bbox 605 2207 733 2263; x_wconf 76' lang='lat' dir='ltr'><strong>trompe</strong></span> <span class='ocrx_word' id='word_1_164' title='bbox 749 2202 784 2249; x_wconf 80' lang='grc' dir='ltr'><strong>Ιι</strong></span> <span class='ocrx_word' id='word_1_165' title='bbox 797 2202 926 2248; x_wconf 71' lang='lat' dir='ltr'><strong>femme.</strong></span> 
     </span>
    </p>
   </div>
   <div class='ocr_carea' id='block_1_6' title="bbox 196 2385 1053 2958">
    <p class='ocr_par' dir='ltr' id='par_1_6' title="bbox 196 2385 1053 2958">
     <span class='ocr_line' id='line_1_25' title="bbox 237 2385 939 2473; baseline -0.011 -19"><span class='ocrx_word' id='word_1_166' title='bbox 237 2391 309 2473; x_wconf 83' lang='lat' dir='ltr'><strong>Ergo</strong></span> <span class='ocrx_word' id='word_1_167' title='bbox 323 2397 355 2451; x_wconf 89' lang='lat' dir='ltr'><strong>ot</strong></span> <span class='ocrx_word' id='word_1_168' title='bbox 369 2389 507 2470; x_wconf 89' lang='lat' dir='ltr'><strong>vipeream</strong></span> <span class='ocrx_word' id='word_1_169' title='bbox 519 2385 674 2449; x_wconf 77' lang='lat' dir='ltr'><strong>malesuadd</strong></span> <span class='ocrx_word' id='word_1_170' title='bbox 689 2385 785 2448; x_wconf 87' lang='lat' dir='ltr'><strong>lraude</strong></span> <span class='ocrx_word' id='word_1_171' title='bbox 796 2386 939 2469; x_wconf 66' lang='lat' dir='ltr'><strong>figuram‘</strong></span> 
     </span>
     <span class='ocr_line' id='line_1_26' title="bbox 198 2466 876 2552; baseline -0.012 -18"><span class='ocrx_word' id='word_1_172' title='bbox 198 2472 302 2549; x_wconf 88' lang='lat' dir='ltr'><strong>lnduit,</strong></span> <span class='ocrx_word' id='word_1_173' title='bbox 317 2478 345 2533; x_wconf 85' lang='lat' dir='ltr'><strong>et</strong></span> <span class='ocrx_word' id='word_1_174' title='bbox 358 2477 448 2531; x_wconf 88' lang='lat' dir='ltr'><strong>toturn</strong></span> <span class='ocrx_word' id='word_1_175' title='bbox 462 2467 542 2531; x_wconf 85' lang='lat' dir='ltr'><strong>fallax</strong></span> <span class='ocrx_word' id='word_1_176' title='bbox 555 2466 689 2552; x_wconf 81' lang='lat' dir='ltr'><strong>processit</strong></span> <span class='ocrx_word' id='word_1_177' title='bbox 701 2466 730 2529; x_wconf 93' lang='lat' dir='ltr'><strong>in</strong></span> <span class='ocrx_word' id='word_1_178' title='bbox 745 2486 876 2548; x_wconf 83' lang='lat' dir='ltr'><strong>anguem,</strong></span> 
     </span>
     <span class='ocr_line' id='line_1_27' title="bbox 197 2546 870 2616; baseline -0.012 0"><span class='ocrx_word' id='word_1_179' title='bbox 197 2552 322 2616; x_wconf 86' lang='lat' dir='ltr'><strong>Pervolat</strong></span> <span class='ocrx_word' id='word_1_180' title='bbox 336 2550 370 2613; x_wconf 90' lang='lat' dir='ltr'><strong>ad</strong></span> <span class='ocrx_word' id='word_1_181' title='bbox 384 2550 500 2613; x_wconf 89' lang='lat' dir='ltr'><strong>lucum:</strong></span> <span class='ocrx_word' id='word_1_182' title='bbox 516 2557 576 2611; x_wconf 90' lang='lat' dir='ltr'><strong>tum</strong></span> <span class='ocrx_word' id='word_1_183' title='bbox 590 2546 659 2610; x_wconf 75' lang='lat' dir='ltr'><strong>forte</strong></span> <span class='ocrx_word' id='word_1_184' title='bbox 673 2546 800 2610; x_wconf 85' lang='lat' dir='ltr'><strong>rubentia</strong></span> <span class='ocrx_word' id='word_1_185' title='bbox 814 2546 870 2609; x_wconf 84' lang='lat' dir='ltr'><strong>laeti</strong></span> 
     </span>
     <span class='ocr_line' id='line_1_28' title="bbox 196 2628 1053 2717; baseline -0.006 -20"><span class='ocrx_word' id='word_1_186' title='bbox 196 2633 350 2717; x_wconf 81' lang='lat' dir='ltr'><strong>Carpebant</strong></span> <span class='ocrx_word' id='word_1_187' title='bbox 358 2631 475 2714; x_wconf 87' lang='lat' dir='ltr'><strong>juvenes</strong></span> <span class='ocrx_word' id='word_1_188' title='bbox 488 2630 567 2693; x_wconf 87' lang='lat' dir='ltr'><strong>viridi</strong></span> <span class='ocrx_word' id='word_1_189' title='bbox 582 2630 616 2692; x_wconf 89' lang='lat' dir='ltr'><strong>de</strong></span> <span class='ocrx_word' id='word_1_190' title='bbox 628 2628 740 2713; x_wconf 87' lang='lat' dir='ltr'><strong>palmite</strong></span> <span class='ocrx_word' id='word_1_191' title='bbox 753 2629 837 2691; x_wconf 85' lang='lat' dir='ltr'><strong>mala.</strong></span> <span class='ocrx_word' id='word_1_192' title='bbox 1001 2646 1053 2692; x_wconf 79' lang='lat'><strong>220</strong></span> 
     </span>
     <span class='ocr_line' id='line_1_29' title="bbox 197 2708 837 2794; baseline -0.011 -18"><span class='ocrx_word' id='word_1_193' title='bbox 197 2714 249 2776; x_wconf 89' lang='lat' dir='ltr'><strong>llic</strong></span> <span class='ocrx_word' id='word_1_194' title='bbox 262 2714 366 2776; x_wconf 87' lang='lat' dir='ltr'><strong>veritus</strong></span> <span class='ocrx_word' id='word_1_195' title='bbox 376 2732 501 2794; x_wconf 87' lang='lat' dir='ltr'><strong>serpens,</strong></span> <span class='ocrx_word' id='word_1_196' title='bbox 516 2711 598 2773; x_wconf 78' lang='lat' dir='ltr'><strong>firmt</strong></span> <span class='ocrx_word' id='word_1_197' title='bbox 611 2730 647 2772; x_wconf 91' lang='lat' dir='ltr'><strong>ne</strong></span> <span class='ocrx_word' id='word_1_198' title='bbox 662 2717 755 2772; x_wconf 90' lang='lat' dir='ltr'><strong>mente</strong></span> <span class='ocrx_word' id='word_1_199' title='bbox 768 2708 837 2770; x_wconf 85' lang='lat' dir='ltr'><strong>virili</strong></span> 
     </span>
     <span class='ocr_line' id='line_1_30' title="bbox 197 2791 864 2887; baseline -0.004 -31"><span class='ocrx_word' id='word_1_200' title='bbox 197 2794 259 2857; x_wconf 92' lang='lat' dir='ltr'><strong>Non</strong></span> <span class='ocrx_word' id='word_1_201' title='bbox 271 2802 354 2887; x_wconf 82' lang='lat' dir='ltr'><strong>queat</strong></span> <span class='ocrx_word' id='word_1_202' title='bbox 366 2792 454 2854; x_wconf 82' lang='lat' dir='ltr'><strong>effuso</strong></span> <span class='ocrx_word' id='word_1_203' title='bbox 469 2791 626 2855; x_wconf 79' lang='lat' dir='ltr'><strong>subvertere</strong></span> <span class='ocrx_word' id='word_1_204' title='bbox 639 2791 721 2853; x_wconf 86' lang='lat' dir='ltr'><strong>corda</strong></span> <span class='ocrx_word' id='word_1_205' title='bbox 733 2808 841 2851; x_wconf 82' lang='lat' dir='ltr'><strong>veneno</strong></span> <span class='ocrx_word' id='word_1_206' title='bbox 855 2810 864 2853; x_wconf 76' lang='grc' dir='ltr'>ι</span> 
     </span>
     <span class='ocr_line' id='line_1_31' title="bbox 197 2870 830 2958; baseline -0.008 -22"><span class='ocrx_word' id='word_1_207' title='bbox 197 2875 308 2936; x_wconf 79' lang='lat' dir='ltr'><strong>Arboris</strong></span> <span class='ocrx_word' id='word_1_208' title='bbox 322 2874 352 2935; x_wconf 88' lang='lat' dir='ltr'><strong>in</strong></span> <span class='ocrx_word' id='word_1_209' title='bbox 363 2872 455 2934; x_wconf 70' lang='lat' dir='ltr'><strong>vetitae</strong></span> <span class='ocrx_word' id='word_1_210' title='bbox 466 2872 547 2958; x_wconf 87' lang='lat' dir='ltr'><strong>spiris</strong></span> <span class='ocrx_word' id='word_1_211' title='bbox 559 2871 731 2956; x_wconf 84' lang='lat' dir='ltr'><strong>reptantibus</strong></span> <span class='ocrx_word' id='word_1_212' title='bbox 742 2870 830 2933; x_wconf 87' lang='lat' dir='ltr'><strong>altum</strong></span> 
     </span>
    </p>
   </div>
   <div class='ocr_carea' id='block_1_7' title="bbox 101 3138 1053 3651">
    <p class='ocr_par' dir='ltr' id='par_1_7' title="bbox 101 3138 1053 3651">
     <span class='ocr_line' id='line_1_32' title="bbox 135 3138 1053 3207; baseline -0.003 -11"><span class='ocrx_word' id='word_1_213' title='bbox 135 3152 143 3183; x_wconf 81' lang='lat'><strong>¹</strong></span> <span class='ocrx_word' id='word_1_214' title='bbox 164 3147 309 3199; x_wconf 75' lang='lat' dir='ltr'><strong>«Blando»</strong></span> <span class='ocrx_word' id='word_1_215' title='bbox 330 3144 376 3195; x_wconf 83' lang='lat' dir='ltr'><strong>fait</strong></span> <span class='ocrx_word' id='word_1_216' title='bbox 387 3142 494 3193; x_wconf 86' lang='lat' dir='ltr'><strong>allusion</strong></span> <span class='ocrx_word' id='word_1_217' title='bbox 506 3154 554 3192; x_wconf 86' lang='lat' dir='ltr'><strong>aux</strong></span> <span class='ocrx_word' id='word_1_218' title='bbox 598 3141 696 3206; x_wconf 80' lang='lat' dir='ltr'><strong>ignem,</strong></span> <span class='ocrx_word' id='word_1_219' title='bbox 706 3138 909 3203; x_wconf 71' lang='lat' dir='ltr'><strong>exportantium</strong></span> <span class='ocrx_word' id='word_1_220' title='bbox 928 3139 1053 3207; x_wconf 83' lang='lat' dir='ltr'><strong>dolos,ed</strong></span> 
     </span>
     <span class='ocr_line' id='line_1_33' title="bbox 101 3202 788 3278; baseline -0.019 -15"><span class='ocrx_word' id='word_1_221' title='bbox 101 3226 206 3278; x_wconf 78' lang='lat' dir='ltr'><strong>moyens</strong></span> <span class='ocrx_word' id='word_1_222' title='bbox 226 3208 368 3260; x_wconf 83' lang='lat' dir='ltr'><strong>artificieux</strong></span> <span class='ocrx_word' id='word_1_223' title='bbox 388 3219 437 3271; x_wconf 88' lang='lat' dir='ltr'><strong>que</strong></span> <span class='ocrx_word' id='word_1_224' title='bbox 458 3204 482 3255; x_wconf 91' lang='lat' dir='ltr'><strong>le</strong></span> <span class='ocrx_word' id='word_1_225' title='bbox 502 3218 554 3255; x_wconf 89' lang='lat' dir='ltr'><strong>scr·</strong></span> <span class='ocrx_word' id='word_1_226' title='bbox 598 3204 650 3254; x_wconf 86' lang='lat' dir='ltr'><strong>tela</strong></span> <span class='ocrx_word' id='word_1_227' title='bbox 659 3202 788 3267; x_wconf 82' lang='lat' dir='ltr'><strong>patebit.»</strong></span> 
     </span>
     <span class='ocr_line' id='line_1_34' title="bbox 101 3264 1053 3339; baseline -0.011 -13"><span class='ocrx_word' id='word_1_228' title='bbox 101 3283 163 3339; x_wconf 83' lang='lat' dir='ltr'><strong>pent</strong></span> <span class='ocrx_word' id='word_1_229' title='bbox 183 3274 236 3325; x_wconf 87' lang='lat' dir='ltr'><strong>doit</strong></span> <span class='ocrx_word' id='word_1_230' title='bbox 254 3271 384 3336; x_wconf 81' lang='lat' dir='ltr'><strong>emploqer</strong></span> <span class='ocrx_word' id='word_1_231' title='bbox 402 3282 466 3332; x_wconf 89' lang='lat' dir='ltr'><strong>pour</strong></span> <span class='ocrx_word' id='word_1_232' title='bbox 484 3281 554 3318; x_wconf 91' lang='lat' dir='ltr'><strong>com·</strong></span> <span class='ocrx_word' id='word_1_233' title='bbox 631 3268 664 3309; x_wconf 78' lang='lat'><strong>³«</strong></span> <span class='ocrx_word' id='word_1_234' title='bbox 678 3266 748 3315; x_wconf 87' lang='lat' dir='ltr'><strong>Nova</strong></span> <span class='ocrx_word' id='word_1_235' title='bbox 763 3265 912 3323; x_wconf 82' lang='lat' dir='ltr'><strong>substantia,</strong></span> <span class='ocrx_word' id='word_1_236' title='bbox 922 3280 936 3311; x_wconf 80' lang='lat' dir='ltr'><strong>u</strong></span> <span class='ocrx_word' id='word_1_237' title='bbox 950 3264 975 3313; x_wconf 91' lang='lat' dir='ltr'><strong>la</strong></span> <span class='ocrx_word' id='word_1_238' title='bbox 991 3279 1053 3318; x_wconf 90' lang='lat' dir='ltr'><strong>nou·</strong></span> 
     </span>
     <span class='ocr_line' id='line_1_35' title="bbox 102 3327 1050 3391; baseline -0.011 -2"><span class='ocrx_word' id='word_1_239' title='bbox 102 3338 321 3389; x_wconf 72' lang='lat' dir='ltr'><strong>tractret’nomme.</strong></span> <span class='ocrx_word' id='word_1_240' title='bbox 599 3328 664 3379; x_wconf 81' lang='lat' dir='ltr'><strong>velle</strong></span> <span class='ocrx_word' id='word_1_241' title='bbox 692 3329 817 3379; x_wconf 78' lang='lat' dir='ltr'><strong>creatore.</strong></span> <span class='ocrx_word' id='word_1_242' title='bbox 842 3346 905 3371; x_wconf 75' lang='grc' dir='ltr'><strong>-ι</strong></span> <span class='ocrx_word' id='word_1_243' title='bbox 934 3327 1050 3391; x_wconf 76' lang='lat' dir='ltr'><strong>uasu‚»</strong></span> 
     </span>
     <span class='ocr_line' id='line_1_36' title="bbox 133 3391 684 3457; baseline -0.013 -10"><span class='ocrx_word' id='word_1_244' title='bbox 133 3402 144 3430; x_wconf 73' lang='lat'><strong>⁹</strong></span> <span class='ocrx_word' id='word_1_245' title='bbox 170 3400 288 3448; x_wconf 76' lang='lat' dir='ltr'><strong>«Prima</strong></span> <span class='ocrx_word' id='word_1_246' title='bbox 310 3397 386 3454; x_wconf 86' lang='lat' dir='ltr'><strong>salus,</strong></span> <span class='ocrx_word' id='word_1_247' title='bbox 409 3415 420 3439; x_wconf 67' lang='lat' dir='ltr'>a</span> <span class='ocrx_word' id='word_1_248' title='bbox 443 3394 468 3443; x_wconf 85' lang='lat' dir='ltr'><strong>la</strong></span> <span class='ocrx_word' id='word_1_249' title='bbox 497 3406 555 3457; x_wconf 88' lang='lat' dir='ltr'><strong>pre·</strong></span> <span class='ocrx_word' id='word_1_250' title='bbox 599 3391 684 3442; x_wconf 88' lang='lat' dir='ltr'><strong>chute.</strong></span> 
     </span>
     <span class='ocr_line' id='line_1_37' title="bbox 102 3451 1053 3526; baseline -0.011 -14"><span class='ocrx_word' id='word_1_251' title='bbox 102 3463 181 3513; x_wconf 73' lang='lat' dir='ltr'><strong>mitre</strong></span> <span class='ocrx_word' id='word_1_252' title='bbox 193 3461 301 3526; x_wconf 78' lang='lat' dir='ltr'><strong>vigueur</strong></span> <span class='ocrx_word' id='word_1_253' title='bbox 312 3460 343 3509; x_wconf 89' lang='lat' dir='ltr'><strong>de</strong></span> <span class='ocrx_word' id='word_1_254' title='bbox 355 3458 410 3508; x_wconf 90' lang='lat' dir='ltr'><strong>leur</strong></span> <span class='ocrx_word' id='word_1_255' title='bbox 420 3455 555 3518; x_wconf 84' lang='lat' dir='ltr'><strong>existence,</strong></span> <span class='ocrx_word' id='word_1_256' title='bbox 631 3455 673 3501; x_wconf 75' lang='lat'><strong>⁴«</strong></span> <span class='ocrx_word' id='word_1_257' title='bbox 690 3453 826 3517; x_wconf 83' lang='lat' dir='ltr'><strong>vipeream</strong></span> <span class='ocrx_word' id='word_1_258' title='bbox 849 3451 970 3516; x_wconf 77' lang='lat' dir='ltr'><strong>figuram.</strong></span> <span class='ocrx_word' id='word_1_259' title='bbox 990 3469 1004 3499; x_wconf 88' lang='lat'>»</span> <span class='ocrx_word' id='word_1_260' title='bbox 1028 3452 1053 3502; x_wconf 86' lang='lat' dir='ltr'><strong>lo</strong></span> 
     </span>
     <span class='ocr_line' id='line_1_38' title="bbox 105 3513 1052 3585; baseline -0.004 -14"><span class='ocrx_word' id='word_1_261' title='bbox 105 3525 128 3572; x_wconf 91' lang='lat' dir='ltr'><strong>ta</strong></span> <span class='ocrx_word' id='word_1_262' title='bbox 143 3525 209 3574; x_wconf 90' lang='lat' dir='ltr'><strong>tleur</strong></span> <span class='ocrx_word' id='word_1_263' title='bbox 224 3525 255 3575; x_wconf 88' lang='lat' dir='ltr'><strong>de</strong></span> <span class='ocrx_word' id='word_1_264' title='bbox 267 3523 292 3571; x_wconf 89' lang='lat' dir='ltr'><strong>la</strong></span> <span class='ocrx_word' id='word_1_265' title='bbox 308 3522 358 3585; x_wconf 86' lang='lat' dir='ltr'><strong>vie,</strong></span> <span class='ocrx_word' id='word_1_266' title='bbox 369 3520 554 3570; x_wconf 77' lang='lat' dir='ltr'><strong>l&#39;adolescence.</strong></span> <span class='ocrx_word' id='word_1_267' title='bbox 601 3515 681 3567; x_wconf 78' lang='lat' dir='ltr'><strong>forme</strong></span> <span class='ocrx_word' id='word_1_268' title='bbox 692 3516 753 3566; x_wconf 87' lang='lat' dir='ltr'><strong>d’un</strong></span> <span class='ocrx_word' id='word_1_269' title='bbox 764 3520 932 3577; x_wconf 72' lang='lat' dir='ltr'><strong>serpent-r</strong></span> <span class='ocrx_word' id='word_1_270' title='bbox 944 3513 1052 3569; x_wconf 72' lang='lat' dir='ltr'><strong>Indultr</strong></span> 
     </span>
     <span class='ocr_line' id='line_1_39' title="bbox 104 3580 838 3651; baseline -0.015 -15"><span class='ocrx_word' id='word_1_271' title='bbox 104 3586 339 3641; x_wconf 73' lang='lat' dir='ltr'><strong>-Conetunisemr</strong></span> <span class='ocrx_word' id='word_1_272' title='bbox 357 3584 389 3637; x_wconf 81' lang='lat' dir='ltr'><strong>Et</strong></span> <span class='ocrx_word' id='word_1_273' title='bbox 409 3581 555 3651; x_wconf 76' lang='lat' dir='ltr'><strong>simplicitas</strong></span> <span class='ocrx_word' id='word_1_274' title='bbox 600 3580 668 3647; x_wconf 73' lang='lat' dir='ltr'><strong>sojet</strong></span> <span class='ocrx_word' id='word_1_275' title='bbox 680 3598 691 3622; x_wconf 69' lang='lat' dir='ltr'><strong>a</strong></span> <span class='ocrx_word' id='word_1_276' title='bbox 702 3590 812 3650; x_wconf 82' lang='lat' dir='ltr'><strong>serpens.</strong></span> <span class='ocrx_word' id='word_1_277' title='bbox 828 3596 838 3625; x_wconf 83' lang='lat' dir='ltr'><strong>u</strong></span> 
     </span>
    </p>
   </div>
   <div class='ocr_carea' id='block_1_8' title="bbox 0 0 1172 3960">
    <p class='ocr_par' dir='ltr' id='par_1_8' title="bbox 0 0 1172 3960">
     <span class='ocr_line' id='line_1_40' title="bbox 0 0 1172 3960; baseline 0 0"><span class='ocrx_word' id='word_1_278' title='bbox 0 0 1172 3960; x_wconf 95' lang='lat' dir='ltr'><strong> </strong></span> 
     </span>
    </p>
   </div>
  </div>
 </body>
</html>
