2324 3960
173 174 222 223 650
552 166 644 219 stulu
659 164 821 217 BERNARD.

283 271 397 340 Propter
409 268 483 323 illam
796 264 834 319 Et
846 264 1008 349 eumillip·

285 342 352 409 Quae
362 339 507 395 rnarnillanr
796 336 855 401 Qui
870 352 905 390 ru
918 338 1004 393 cuein

249 412 310 468 Tibi
320 410 395 467 dedit
409 409 531 481 parvulo,
758 405 911 478 Gaudent,
924 422 981 464 nos
998 422 1133 467 annumero.

284 483 482 538 Munimentum

287 555 320 609 Et
334 560 508 623 uugrrreuluru
796 558 876 629 Regi
891 574 1002 632 magno

250 625 309 681 Tuo
325 631 422 696 praesta
437 620 544 696 populo.
795 630 880 686 Laus
891 638 924 686 et
938 647 972 687 re
1014 649 1041 701 o,

759 699 839 754 Patri
852 708 946 773 alque
985 704 1035 760 ilio

288 778 382 831 Pastor
397 774 467 831 bono
477 775 499 844 ¹,
796 771 990 856 Flauiinique

289 854 314 903 Α
330 849 408 903 leone
798 840 857 909 Qua
871 851 995 919 utrique
1059 916 1065 927 ·

252 918 322 973 Tuas
336 934 401 973 oves
416 915 510 983 libera,
760 912 889 985 Compar
904 925 952 974 est
967 918 1090 990 impono.

470 1100 599 1147 nunni
621 1101 659 1145 nn
679 1076 816 1145 u’urusrs
838 1098 912 1147 1111.

292 1247 373 1318 l'irgo
387 1244 532 1318 splendens
800 1239 832 1295 Si
844 1247 875 1297 te
893 1244 992 1300 colam

292 1318 358 1385 011ae
371 1316 564 1374 transcendens
801 1312 856 1368 Per
871 1330 964 1386 quarn
977 1316 1063 1372 solam

254 1389 408 1446 Electorurn
427 1387 545 1458 ordines,
764 1383 814 1437 Est
826 1382 861 1439 ad
876 1386 972 1444 vitam
983 1386 1091 1445 reditus-

291 1459 475 1531 llagistratum

293 1533 327 1587 Et
343 1532 487 1613 prirrlulum
802 1535 966 1596 Benedicta

257 1602 411 1658 Sanctitalis
423 1602 541 1669 obtines,
801 1605 891 1678 Cujus
908 1610 970 1666 vita

766 1676 884 1735 Summo
898 1681 964 1753 regi
976 1683 1076 1756 placita

291 1751 363 1805 Fons
379 1750 521 1819 virtutum,
802 1749 924 1809 Hostem
939 1755 1049 1827 stravit,

294 1822 338 1878 Sio
351 1821 484 1892 pollutum
805 1819 930 1893 Culpam
945 1824 1026 1896 lavit,

257 1890 410 2022 Μθὸῐῃῐοεῖ
427 1892 561 1964 purifices,
767 1892 954 1953 uestauravil
968 1896 1088 1971 perdita!

319 1971 329 2018 t
356 1980 437 2020 arere

294 2037 378 2110 Digna
389 2036 446 2094 lore
803 2043 890 2100 llaler
905 2046 978 2117 Dei,

257 2108 532 2182 llearerhajudices
804 2116 910 2172 Preces
928 2118 979 2175 ei⁵

768 2186 866 2242 Funde
883 2204 952 2260 quae
963 2207 1019 2247 nos
1034 2191 1141 2253 minut

295 2265 468 2345 lnporlunus
804 2258 907 2314 Preces
920 2259 1020 2333 funde,

297 2336 331 2390 Et
340 2333 468 2406 indiguus
805 2327 838 2383 Ul
852 2333 993 2390 secundae

259 2405 323 2463 ‘luis
338 2421 398 2461 sunu
410 2405 555 2477 praeconiis
568 2405 591 2473 ³,
771 2400 895 2472 oreque
910 2418 960 2460 res
969 2405 1104 2463 eveniant

298 2476 406 2544 Quum⁴
421 2475 544 2533 obsessus

296 2551 330 2605 Et
344 2563 489 2630 oppressus
515 2618 520 2630 ¹
805 2552 877 2609 Tuas
896 2570 1003 2625 preces

261 2620 350 2677 llullis
362 2636 414 2674 sun
429 2618 545 2690 flagitiis.
807 2622 948 2682 Elfieaoes

769 2696 838 2750 Esse
852 2711 1007 2778 nunquam
1020 2697 1142 2774 ambigit‘

296 2771 498 2836 Tamenspero,
808 2766 944 2839 Quisquis
958 2770 1057 2843 illum,
1143 2812 1147 2825 .

299 2837 375 2906 Quod
391 2853 446 2891 non
457 2852 502 2891 ero
808 2842 900 2908 Quem
914 2842 1056 2910 pusillum

263 2913 365 2982 Expers
376 2907 432 2963 reli
445 2907 565 2979 penitus
772 2908 933 2980 Lactaristi,
947 2913 1057 2988 diligit.

229 3075 236 3104 ¹
258 3092 269 3117 ι
290 3071 377 3120 Pastor
399 3069 473 3118 bone.
494 3087 505 3111 n
527 3069 559 3119 Le
582 3069 653 3133 poete
712 3068 888 3131 ³«Indignus
908 3071 963 3121 tuis
978 3087 1044 3126 sum
1060 3088 1148 3141 praeoe-

198 3135 309 3199 reppello
323 3132 355 3181 ici
372 3131 396 3180 lo
412 3131 528 3192 parabole
550 3132 584 3180 du
603 3132 654 3180 bon
680 3131 760 3190 niis»
775 3132 801 3191 je
818 3131 871 3179 suis
883 3130 1000 3198 indigne
1019 3140 1055 3189 de
1068 3141 1149 3204 (oneu-

198 3200 311 3248 Pasleur.
325 3196 408 3258 Vopez
418 3194 531 3256 lux-ang.
543 3194 574 3242 de
588 3194 655 3242 saint
681 3193 728 3251 ter)
740 3199 777 3241 les
791 3192 922 3255 louanges
939 3258 944 3268 .

197 3261 267 3321 leun,
279 3262 320 3309 cli.
330 3273 356 3307 x.
713 3257 723 3284 ⁴
742 3274 753 3298 «
765 3255 881 3325 Quurrn»
898 3269 1028 3322 pureque.

231 3324 243 3353 ²
267 3341 279 3366 ι
302 3320 428 3371 Pollntunr
441 3330 476 3365 os.
498 3333 509 3358 r·
531 3317 563 3365 Le
583 3318 654 3380 poete
712 3318 792 3388 lolii
804 3334 816 3359 r»
841 3319 975 3380 remplaee
1001 3344 1014 3369 ι
1026 3328 1104 3378 Deo.
1124 3338 1153 3376 ou

201 3384 325 3435 demande
349 3382 373 3429 lu
393 3380 482 3428 laseur
501 3381 655 3429 acrordtet
684 3380 844 3428 «Chr-isto.»
1037 3410 1042 3425 .

66 3470 99 3517 sl:
202 3442 656 3515 lsaledonllesternsoulele'pupi.
714 3443 726 3471 θ
752 3441 915 3511 «Nunquam
933 3448 1067 3523 ambigis,
1086 3472 1100 3498 ι
1126 3462 1155 3501 ut

76 3502 100 3545 ⁸.
201 3504 656 3571 fieesparleeharlonardentlsooe,
683 3504 1155 3575 doutepamars,orontoupoursler·

206 3571 247 3621 oh.
257 3584 293 3632 vr,
308 3574 359 3618 nu
373 3573 398 3618 et
414 3573 437 3618 l.
684 3570 805 3615 mement·
819 3564 891 3626 Sujet
907 3585 919 3609 ⁸
930 3570 1070 3636 quisquis.
1083 3596 1096 3623 ι
