2324 3960
123 142 170 187 su
417 136 509 186 saun
525 136 769 209 nonavunrunu.

302 236 382 297 Diem
399 237 483 296 istum
506 236 598 296 anima
617 235 753 295 meditans
776 237 805 296 in
824 235 957 313 hortis¹,

303 315 369 377 Suro
385 316 450 376 iacit
469 316 618 377 terminum
642 314 770 397 spiritalis
791 316 897 377 mortis
908 323 933 391 ²,

303 395 446 456 Scandens
464 396 553 456 crucis
574 394 710 467 arborem,
735 395 765 455 in
785 401 843 476 que
866 396 914 456 leo
935 398 1038 458 sortis⁸

301 475 374 537 Vicit
393 475 578 538 adversarium
595 474 687 539 fractis
706 476 793 557 portis
814 477 930 539 mortis.

305 659 405 721 Statim
419 661 508 721 cordis
520 680 621 743 organa
632 681 743 723 sursum
755 661 908 737 elevando,

304 739 394 803 Suum
408 761 422 801 a
437 740 557 801 diluculo
572 750 683 801 cantum
698 739 872 817 inchoando,

308 820 451 880 Laudato!
466 820 601 901 glorificat
614 819 713 893 Deum,
730 821 895 903 replicando

310 896 370 961 Sibi
385 903 468 982 quim
482 899 614 961 mirificus
627 900 680 961 suit
692 899 785 965 harreb
799 870 940 964 creando,

308 1079 386 1141 uPie
402 1080 509 1160 (inquit)
527 1081 662 1153 conditor,
676 1082 788 1164 quando
803 1102 852 1143 me
865 1087 983 1159 creasti,

302 1162 390 1229 Qudm
404 1160 441 1220 sit
454 1171 499 1222 tua
515 1160 601 1240 pietas
612 1162 687 1241 larga
699 1162 859 1237 declarasti;

262 1294 268 1305 ,
304 1238 374 1300 Nam
389 1249 543 1300 consortem
554 1241 649 1321 gloriae
664 1252 718 1302 tuae
733 1242 863 1322 cogitasti

301 1319 403 1380 Facere
417 1321 544 1401 gratuite,
558 1322 641 1401 gratis
656 1341 739 1403 quam
754 1324 868 1384 amdsti.

299 1503 323 1567 0
335 1509 416 1587 qudm
431 1507 499 1567 mira
508 1507 627 1588 dignitas
639 1507 707 1567 mihi
719 1517 761 1568 est
772 1529 923 1585 concessa,

302 1583 395 1655 Quum
410 1586 501 1669 imago
513 1586 625 1649 Domini
639 1587 708 1646 mihi
721 1598 764 1648 est
780 1590 935 1671 impressa!

272 1720 275 1727 .
301 1663 356 1726 Sed
372 1667 502 1726 crevisset
520 1666 637 1747 amplius
656 1667 775 1748 dignitas
791 1689 946 1748 possessa,

301 1742 360 1803 Nisr
376 1746 485 1823 jussum
501 1745 613 1807 Domini
632 1745 744 1807 fuissem
764 1756 952 1830 transgressa.

300 1930 370 1992 Nam
394 1940 435 2004 tu,
457 1952 565 1993 summa
588 1931 715 2013 charitas,
735 1934 787 1994 tibi
807 1936 956 2001 cohaerere

300 2011 345 2073 Me
361 2011 473 2073 volebas
490 2014 603 2094 jugiter,
626 2032 792 2095 sursumque
814 2014 925 2080 habere

300 2090 386 2152 Dulce
400 2092 583 2165 domicilium,
608 2104 755 2175 tecumque
774 2115 907 2175 manere,

297 2169 332 2233 Et
351 2191 397 2232 me
415 2172 489 2233 reiut
509 2172 596 2233 filiam
617 2173 700 2245 alere,
724 2173 836 2237 docere.

301 2356 410 2418 Extunc
422 2356 595 2438 disposueras
615 2359 643 2418 in
666 2357 693 2418 id
712 2357 858 2423 adunare⁸

298 2436 409 2497 Coelicis
428 2437 594 2517 agminibus,
609 2446 692 2518 teque
706 2436 774 2497 mihi
788 2439 876 2516 dare3

299 2513 356 2576 Sed
376 2535 426 2598 pro
448 2522 524 2577 tanta
544 2518 631 2597 gratia
650 2517 715 2598 quid
735 2538 958 2604 recompensare

298 2595 441 2657 Possum?
454 2596 570 2658 Prorsus
584 2598 687 2671 nescio,
701 2596 794 2660 uisite
808 2621 920 2666 amare.

152 2883 160 2913 ¹
182 2878 331 2930 uMeditaus
342 2875 369 2924 in
380 2875 469 2926 hortis.
483 2895 494 2920 a
508 2877 577 2927 Allu-
638 2880 649 2909 ³
668 2879 742 2928 «Leo
760 2878 845 2932 tortis.
860 2886 943 2951 »νη
960 2905 1016 2956 ρᾶς,
1029 2898 1080 2951 ,Ίῆ

119 2945 172 2997 riou
196 2944 212 2995 e
234 2954 276 2992 oes
297 2939 395 3003 parotes
423 2952 472 3002 que
494 2940 577 2991 Jesus·
603 2944 699 2993 notet.

118 3006 213 3067 Christ,
231 3007 353 3112 εοῐιέεᾱζιι
364 3002 380 3048 d
391 3014 419 3050 sa
437 3010 504 3052 mort
514 3016 579 3114 <im
638 3003 649 3031 ⁴
668 3002 773 3059 «Hanc,
786 3021 798 3047 a
812 3006 977 3065 ellemgme·

119 3070 219 3129 chaine,
232 3067 270 3115 dit
309 3065 393 3113 t’rerre
405 3071 431 3114 et
447 3078 496 3114 aux
532 3079 598 3115 eux*
640 3065 652 3095 ⁸
671 3067 793 3114 «Extunc
808 3066 977 3133 disposueras
988 3080 1081 3130 aduna-

119 3131 161 3180 fils
174 3132 204 3180 de
216 3127 328 3178 thedee
339 3127 401 3175 dans
411 3128 433 3175 te
443 3127 526 3189 jardin
538 3129 582 3177 des
608 3140 646 3187 re,
660 3146 672 3171 r>
685 3128 728 3177 dds
743 3140 771 3176 ce
789 3141 913 3186 moment
932 3152 998 3190 vous
1016 3144 1081 3193 avie,

120 3195 237 3250 Otiriers‚
247 3191 313 3240 saint
324 3189 454 3242 dtatthieu.
465 3189 506 3239 cn.
517 3205 582 3253 xxvr,
610 3190 692 3239 rdsotu
703 3191 733 3239 de
743 3203 783 3238 me
795 3194 900 3247 reunir.
911 3226 944 3236 -
957 3220 969 3246 a
984 3205 1012 3253 111
1025 3206 1079 3267 ad„

120 3271 145 3305 u.
169 3260 245 3305 3581«
264 3253 353 3302 Tristis
370 3258 408 3299 est
420 3251 507 3300 anima
527 3267 585 3302 mea
611 3265 675 3313 nour
691 3253 752 3311 cela,
765 3266 832 3313 pour
851 3264 997 3326 accomprjr
1013 3276 1081 3319 ,mm

116 3332 196 3383 usque
207 3316 248 3366 ad
259 3322 368 3364 monem
383 3326 389 3360 ε
402 3312 522 3363 sustinere
534 3314 584 3375 hle,
610 3313 718 3375 dessein,
737 3322 808 3363 rotro
827 3321 946 3374 rotoma,
959 3327 1032 3380 Ceste
1043 3345 1081 3380 ΒΧ,

124 3391 150 3434 et
162 3380 264 3445 vigilate
276 3387 385 3425 mecum.
397 3388 412 3418 »
437 3436 441 3443 ι
610 3378 721 3437 pressiori
733 3378 848 3439 rappetle
860 3383 937 3436 t'idee
950 3392 1079 3454 exprimes

155 3444 166 3475 2
185 3462 197 3487 u
219 3437 344 3505 spiritalis
367 3442 465 3495 mordis,
486 3456 497 3479 tr
517 3446 585 3489 mort
609 3450 657 3501 ΡΜ·
667 3439 767 3489 colem
782 3439 849 3491 dans
869 3446 895 3497 la
906 3454 1014 3516 stropho
1029 3458 1081 3519 pu·

120 3504 289 3568 rymoorrqne.
607 3500 718 3549 renerio.

35 3648 75 3688 fir.
