2324 3960
538 161 629 213 satur
645 161 729 217 nvn.

253 260 379 345 Namque
392 261 440 324 ubi
451 261 575 325 divinum
588 262 715 324 libaveris
724 283 772 325 ere
784 282 920 345 saperem,

252 341 317 404 illex
332 352 445 426 purgate
458 364 509 406 sue
520 344 603 405 faciet
615 351 662 405 tua
674 343 779 404 lumina
790 344 850 404 visu

251 423 431 507 AEquiparare
444 423 539 503 dees¹,
550 424 591 485 sie
604 431 698 485 saneta
710 431 742 486 ut
751 424 834 486 noxia
846 428 939 499 nesse,

252 503 389 587 lnjustum
402 512 488 579 reete,
501 524 566 566 vere
578 504 734 566 discernere
745 504 856 567 falsum.
869 527 885 564 »

287 665 363 729 'l‘alia
376 666 465 730 sabaei
474 668 657 751 spondentem
669 671 742 729 dona
758 686 870 729 susurro
1046 681 1095 726 aas

249 745 366 810 Credula
378 748 515 812 submisso
531 749 645 810 miratur
658 748 760 811 femina
771 746 859 820 vultu,

248 826 282 888 Et
290 828 348 909 jam
359 828 475 911 jamque
489 849 577 971 meque
590 828 711 891 cunctari
724 835 751 890 et
760 827 870 889 lleetere
883 843 999 887 sensum

248 905 356 989 Incipit,
369 916 397 970 et
411 908 524 971 dubiam
546 908 611 971 etho
626 909 688 991 plius
701 907 802 970 addere
815 913 950 969 mentem.

247 984 295 1049 llle
307 996 338 1049 ut
349 989 442 1051 ricino
455 990 556 1051 vietam
569 990 727 1052 diserimine
740 986 837 1064 sensit,

246 1064 340 1129 Unum
353 1068 388 1131 de
398 1069 505 1131 eunetis
518 1069 611 1131 lethali
624 1089 658 1131 ex
672 1069 768 1130 arbore
781 1067 885 1128 melum
1045 1078 1095 1124 ren

246 1145 381 1226 Detrahit,
392 1157 420 1212 et
427 1168 523 1211 seemn
532 1150 641 1211 nutanti
651 1154 664 1188 ³
673 1138 799 1232 protinus
810 1147 899 1208 offert.

245 1225 303 1290 Nee
312 1230 417 1312 apernit
428 1229 560 1291 miserum
574 1229 674 1291 mulier
687 1229 758 1291 male
768 1225 879 1290 credula
890 1241 1003 1299 munus,

246 1306 302 1369 Sed
316 1309 444 1372 manibus
473 1329 568 1371 ornum
581 1308 683 1392 ignaris
695 1308 797 1371 lethale
808 1312 956 1385 retraetatq

243 1386 361 1451 Naribus
374 1329 514 1452 interium
529 1390 664 1471 labiisque
675 1388 832 1471 patentibus
844 1387 916 1448 ultro

243 1465 349 1550 lungit,
363 1478 391 1532 et
404 1470 536 1553 ignorans
547 1470 617 1533 ludit
629 1469 663 1532 de
678 1476 767 1531 morte
780 1466 871 1529 futura
880 1470 902 1526 ³.
1044 1479 1094 1523 eur»

283 1626 306 1689 0
319 1628 429 1709 quoties
439 1631 480 1691 eri
490 1630 634 1693 admotum
649 1636 815 1712 cumpuncta
828 1626 951 1702 retraxit,

240 1706 415 1790 Audaeisque
429 1710 493 1771 mali
506 1708 628 1772 titubans
641 1715 694 1773 sub
710 1710 830 1793 ponrlere
840 1708 934 1770 dextra

241 1784 340 1861 Gessit,
351 1796 380 1848 et
391 1786 520 1851 effectum
532 1789 644 1852 seeleris
654 1791 815 1853 tremefacta
828 1786 947 1868 refugit!

240 1865 306 1929 urs*
319 1874 413 1929 umen
430 1888 492 1931 esse
504 1889 538 1931 eu
559 1869 580 1931 it
593 1870 704 1947 similis,
719 1870 858 1952 serpitque
870 1884 1009 1928 venenum

239 1945 397 2010 Ambitione
407 1968 520 2012 nocens.
535 1890 655 2032 fiapiunt
666 1951 800 2012 contraria
814 1955 948 2018 mentem,
1041 1960 1090 2008 auo

240 2026 311 2090 Hine
325 2049 414 2109 amor,
428 2029 494 2093 inde
504 2031 603 2104 timor;
617 2031 708 2112 pulsat
716 2030 845 2112 jactantia
857 2028 948 2111 legem
958 2029 982 2102 ⁸,

240 2106 437 2193 interdumque
449 2111 534 2173 etiam
546 2112 591 2174 lex
604 2111 748 2174 subvenit:
760 2115 860 2171 aestuat
872 2125 972 2189 anceps

240 2187 349 2253 Diuidui
361 2191 451 2254 cordis
465 2191 532 2254 dura
543 2192 616 2254 inter
629 2192 721 2274 praelia
730 2189 858 2252 fluctus⁸.

239 2268 297 2332 Nee
308 2279 403 2336 tamen
411 2272 537 2334 iurentur
549 2271 656 2335 desistit
666 2272 761 2334 fallere
774 2288 898 2350 serpens,

236 2349 418 2434 Ostentatque
428 2352 524 2414 eibum
538 2351 637 2425 dubie,
653 2353 832 2433 queriturque
844 2348 956 2423 murari,
1035 2360 1084 2406 305)

238 2429 272 2493 Et
280 2431 358 2513 juvat
366 2432 395 2493 in
405 2432 513 2515 lapsum
522 2431 669 2514 pendentis
678 2449 762 2513 prona
772 2429 888 2490 ruinae⁷.

172 2641 181 2675 ¹
199 2639 356 2691 construiseu
371 2654 405 2691 t«
424 2639 482 2689 llox
500 2638 593 2703 (uper)
661 2637 1086 2700 ⁴·Dls.»syntrbse.beurunes.»

140 2699 267 2752 laetettua
286 2703 501 2764 luminapurgata
516 2702 594 2772 equi·
661 2697 794 2751 ⁸·Pulset
811 2698 934 2768 jactantie
957 2699 1084 2764 legem‚»

140 2776 228 2825 parare
240 2763 304 2814 Deos
313 2776 358 2812 suo
370 2763 454 2813 risu.»
466 2781 478 2806 r
491 2762 565 2812 Facio
579 2781 590 2808 ι
629 2761 743 2826 l’orgueil
754 2761 791 2811 lui
802 2759 847 2811 lart
858 2760 957 2811 oublier
969 2759 994 2810 la
1005 2762 1049 2825 loi,
1060 2764 1085 2814 la

95 2862 98 2867 .
138 2824 593 2886 erteuividel’intlnitil3nousav0ns
629 2824 742 2875 detensa.

138 2884 195 2949 (itia
205 2901 239 2936 vu
249 2886 306 2951 plus
319 2888 381 2938 baut
390 2893 454 2937 nette
467 2894 593 2939 construe·
661 2885 840 2938 ‘construiseu
851 2901 877 2936 τι
888 2886 982 2939 fluetus
993 2900 1085 2952 auceps

138 2948 192 3001 tion
213 2962 331 3021 greeque.
352 2952 506 3013 liemarquez
527 2956 592 3001 cette
629 2950 726 3001 dividui
736 2948 819 3001 eordis
828 2956 916 3001 aestuat
926 2950 1002 3011 inter,
1012 2958 1081 3001 ete.»

138 3014 263 3125 Bremrere
275 3011 329 3063 idte
340 3012 371 3062 de
381 3012 407 3062 la
419 3011 537 3076 pluralitt
548 3013 592 3064 des
629 3013 696 3063 Belle
705 3014 743 3063 im
776 3024 789 3062 e
805 3025 850 3075 par
859 3013 967 3078 laquelle
977 3014 1000 3064 le
1013 3015 1084 3076 poete

161 3073 219 3125 ieux
231 3087 279 3139 que
291 3075 315 3125 le
326 3075 420 3127 demon
427 3076 527 3127 insinue
538 3077 554 3125 t
567 3075 592 3127 la
629 3089 745 3141 compare
771 3089 798 3125 es
817 3074 885 3125 deux
905 3077 1008 3139 pensees
1026 3088 1084 3125 con·

138 3136 240 3189 lemme.
629 3140 720 3189 traines
746 3138 773 3189 ui
792 3147 962 3204 sepertagent
974 3138 996 3188 le
1013 3150 1083 3187 eoeur

169 3202 210 3247 ὴ
233 3201 324 3251 Seeum
345 3201 445 3251 nutanti
466 3203 592 3265 (sous-en-
629 3200 660 3252 de
687 3200 711 3250 la
729 3152 832 3252 t{emme
859 3216 892 3252 au
920 3205 1083 3252 mouvement

139 3263 215 3315 tendu
229 3284 240 3309 r
252 3263 354 3315 feminae
363 3265 396 3326 a),
408 3283 420 3308 a
434 3264 449 3312 a
461 3264 486 3314 la
498 3263 591 3314 lemme
629 3263 761 3315 alternatis
770 3264 812 3314 des
821 3277 916 3330 vagues
924 3265 955 3315 de
965 3264 989 3313 la
999 3275 1063 3321 mer,

137 3327 181 3391 qui
193 3328 302 3392 tprouve
318 3339 369 3377 une
381 3326 505 3377 tentation
522 3326 591 3377 inte·
662 3327 672 3358 ⁷
685 3328 762 3377 Mota
777 3333 848 3376 mot:
863 3345 877 3378 e
895 3329 963 3378 'uvat
981 3327 1009 3375 in
1030 3326 1082 3389 lap-

137 3390 231 3441 rieure.
629 3402 697 3452 sum,
720 3408 731 3433 e
749 3389 767 3438 il
791 3390 855 3439 rend
876 3404 932 3462 pus
953 3389 1080 3452 gnesenae,

169 3454 180 3483 ³
200 3450 296 3503 «Ludit
315 3451 346 3501 de
365 3458 447 3501 morte
465 3450 563 3501 natural.
579 3471 590 3495 ι»
631 3471 643 3497 ι
667 3465 747 3515 prona
765 3451 897 3517 pendentis
918 3453 1015 3507 ruinae.
1031 3470 1042 3494 r
1057 3450 1081 3500 le

137 3514 286 3578 Expressien
299 3514 432 3567 tres-bule
450 3520 475 3566 et
486 3514 590 3565 tres-in·
629 3521 704 3586 pente
714 3514 757 3577 qui
770 3515 795 3564 la
805 3513 907 3564 conduit
920 3512 936 3561 a
948 3525 998 3562 une
1008 3512 1081 3564 ruine

136 3576 266 3645 gruterus
628 3574 1080 3633 imminentezffest-tulirerill'eirle
