2324 3960
795 2 1158 16 -ffl—

452 210 544 262 satur
561 210 646 261 ivm.
979 178 1028 256 'an

177 311 240 373 Non
270 332 361 375 nessus
375 322 422 373 seo
433 312 527 393 lapsus
537 312 600 388 erit,
614 321 696 392 teque
707 311 766 391 ipse
781 309 904 392 sequeris
968 322 1029 370 etto

178 335 317 471 Flentibus,
331 400 359 455 et
369 393 456 474 spiras
467 392 586 453 viventia
598 390 708 451 uincula
720 395 730 430 ¹
741 397 863 451 nectent.
968 435 975 449 .

178 472 250 533 Turn
260 480 370 554 propter
381 490 492 532 suasam
505 472 669 533 miserorum
680 470 809 533 cordibus
819 488 912 532 escam

178 552 316 613 Tellurem
328 561 439 635 captans
448 559 528 634 pastu
540 551 658 612 vesceris
672 551 759 626 inani,

179 631 320 692 lllensibus
334 641 362 693 et
373 633 463 708 certis,
479 630 612 712 fugitivus
622 631 655 692 ab
668 635 730 692 abre
742 630 822 713 sudo,

182 711 308 772 lnclusus
320 711 399 772 terris
414 711 556 772 conmuni
570 710 627 772 sole
637 710 752 773 carebis.
980 723 1032 769 aas

182 791 256 851 luter
271 798 369 853 cuncta
384 793 493 873 replent
508 811 570 871 quae
582 811 658 851 nunc
671 790 821 852 animantia
835 786 973 851 mundum

183 869 319 933 Omnibus
333 871 436 932 invisus
449 871 512 947 lies,
525 871 615 953 gravis
629 871 758 932 omuibus
772 870 879 932 horror.

183 950 322 1033 Praecipue
334 950 427 1011 infelix
442 950 552 1027 mulier,
569 970 633 1012 cum
646 951 724 1033 prole
733 940 836 1024 futura,

183 1030 286 1107 Tecum
301 1030 460 1091 inimicitias
474 1030 538 1090 odio
550 1039 695 1092 constante
709 1050 739 1091 re
758 1039 835 1107 onet,

184 1109 731 1192 Seminibusquetuisejuscumsemine
781 1109 848 1172 llum
982 1124 1034 1170 370

183 1192 365 1271 Perpetuum,
377 1191 426 1250 sed
441 1190 583 1251 dissimilis
595 1190 793 1265 victorianum
806 1189 854 1271 qui

184 1273 290 1331 numos
306 1275 360 1330 unt
374 1275 457 1352 opert
468 1270 568 1349 vicisti,
584 1270 700 1332 subdole
712 1289 837 1353 serpens,

185 1348 260 1411 Olim
271 1349 322 1411 erit
331 1357 364 1410 ut
370 1350 648 1412 sexummuliebrem
664 1370 768 1441 pronus
781 1349 879 1409 adores
897 1370 904 1407 ι

186 1429 270 1508 Cujus
282 1436 313 1490 tu
327 1448 486 1511 quanquam
501 1431 607 1511 pavidae
622 1428 785 1490 insidiabere
799 1426 878 1501 calci,
899 1430 902 1437 '

129 1556 138 1571 .
185 1508 315 1570 Conteret
327 1529 381 1570 una
394 1518 476 1592 caput
488 1509 601 1571 tandem
614 1509 664 1570 tibi
676 1508 779 1569 femina
793 1506 903 1581 victrix,
989 1520 1038 1568 ets

185 1586 417 1671 Nascendumque
431 1589 516 1651 etiam
527 1589 577 1650 tali
591 1594 626 1650 de
638 1588 730 1671 stipite
742 1607 868 1672 germen.
880 1610 895 1648 u

227 1747 353 1810 Posthac
366 1749 511 1812 attonitam
522 1747 609 1841 judex
621 1754 776 1810 commotus
788 1748 818 1809 in
831 1746 917 1809 ilvam
932 1764 940 1805 t

192 1851 207 1887 c
217 1828 253 1889 Et
261 1835 292 1889 tu
306 1849 368 1910 quae
380 1830 498 1910 primam
509 1829 628 1907 violasti,
644 1828 757 1903 femina,
775 1828 878 1910 legem,

187 1907 299 1990 Accipe,
315 1910 364 1988 ait,
376 1910 514 1991 reliquum
523 1910 587 1970 vitae
598 1908 673 1990 quod
685 1915 769 1969 restat
779 1907 808 1968 in
819 1927 920 1969 aevum.
965 1968 968 1973 .

189 1985 338 2070 lmperium
348 1990 450 2071 patiere
461 1990 525 2066 tori,
536 1990 738 2068 dominumque
749 1987 862 2047 timebis
993 1999 1042 2046 auu

189 2067 277 2138 Quem
288 2069 418 2130 dederam
429 2069 536 2129 socium
551 2090 558 2128 ε
574 2067 654 2148 cujus
665 2074 696 2126 tu
708 2065 818 2127 subdita
827 2064 913 2144 jussis

189 2152 301 2224 Pareto,
318 2155 346 2207 et
358 2147 454 2207 libitus
466 2147 589 2227 posthaec
600 2150 745 2205 assuesoe’
758 2143 861 2204 viriles.

190 2226 309 2307 llloxquo
322 2225 371 2284 ubi
383 2225 542 2315 concipiens
551 2223 651 2282 loetum
661 2222 829 2303 persenserit
842 2222 931 2301 aluus,

190 2301 301 2364 Ventris
310 2321 382 2362 onus
396 2310 502 2381 gemitu
513 2301 667 2373 testaberis,
681 2320 712 2361 ac
723 2300 773 2361 tibi
782 2301 907 2363 clausum

192 2381 280 2442 Anxia
293 2390 461 2442 crescentem
475 2380 624 2465 portabunt
634 2380 738 2441 viscera
752 2380 874 2442 fascem:
995 2396 1046 2445 ³⁸5

194 2460 289 2522 Donec
302 2469 439 2522 transacto
451 2461 559 2522 fastidia
572 2470 698 2543 tempore
711 2460 865 2543 complens,

192 2540 321 2602 Naturale
333 2541 437 2602 malum
450 2546 545 2624 partus
558 2541 592 2603 ab
607 2540 714 2602 vindice
728 2544 828 2624 partu⁸

194 2621 345 2699 producas,
358 2623 412 2683 vita
422 2632 454 2683 ut
462 2621 547 2705 prolis
556 2622 591 2684 sit
601 2640 682 2705 poena
694 2621 828 2705 parentis.

196 2703 251 2764 Sed
261 2702 327 2784 quid
339 2703 425 2763 multa
439 2703 535 2784 loquar
546 2703 656 2764 misere
669 2701 829 2764 discrimina
841 2700 957 2765 mauis?

194 2781 265 2843 Nam
278 2803 364 2864 quum
378 2783 505 2865 praetluro
519 2783 618 2845 mulier
629 2782 754 2846 conlecta
763 2781 855 2845 labore
997 2802 1049 2850 ³90

197 2860 326 2945 Optatam
339 2863 465 2925 sobolem
478 2864 525 2923 tali
540 2864 701 2946 produxeris
713 2870 787 2939 ortu,

196 2942 315 3023 Lugebis
329 2961 430 3003 vacuos
441 2963 643 3024 nonuunquam
655 2944 748 3005 orbata
760 2942 907 3008 dolores.»

239 3103 345 3161 luterea
358 3099 481 3241 trepidus
490 3100 548 3180 jam
561 3100 670 3161 dudum
682 3101 801 3165 sustinet
813 3101 916 3180 Adam,

198 3180 269 3253 Quid
279 3180 333 3243 sibi
345 3188 407 3243 terri
428 3179 472 3242 ilis
485 3180 599 3243 tandem
613 3180 750 3248 sententia
759 3190 860 3248 servet.

135 3420 142 3459 ¹
166 3430 309 3480 «Viventio
328 3418 439 3482 vincula.
458 3444 472 3479 n
493 3430 561 3480 Heu·
596 3426 739 3481 mentdans
759 3430 782 3480 le
814 3440 872 3478 sens
892 3425 923 3476 de
941 3408 1054 3474 tocco·

103 3490 328 3544 reuse-definition.
597 3496 679 3542 tamer
692 3493 717 3542 cl.

134 3550 298 3605 ‘obimus
316 3570 467 3608 assuesce.»
487 3556 561 3605 «As-
629 3553 1055 3625 ⁸«bbvindioepartu‚oparun

101 3625 215 3665 suesoere
241 3631 255 3664 a
274 3623 312 3668 est
332 3619 447 3684 employa
469 3617 561 3669 actiue·
595 3611 930 3678 entantementexpratolre.
