2324 3960
492 188 671 249 enecanda.

207 294 275 373 Qua
290 304 352 362 vota
366 299 472 381 poscat,
489 302 559 379 qnos
573 294 729 358 sacerdotes
743 294 809 358 velit
822 317 829 356 ε

206 380 287 454 Quod
300 379 414 441 mandet
424 377 479 439 illic
489 385 583 439 nectar
594 375 793 439 immolarier¹.

241 538 342 602 AEdem
358 544 369 577 ¹
381 536 434 600 sibi
445 536 506 619 ipse
518 540 614 596 mente
623 534 653 595 in
662 534 787 597 hominis
801 535 925 598 condidit

202 618 307 692 Vivam,
325 636 463 690 serenam,
480 615 650 690 sensualem,
662 614 784 677 ssahilem
798 618 820 691 ⁸,

205 698 282 762 Solvi
293 700 454 782 incapacem
466 715 557 779 posse,
574 712 627 757 nec
638 696 836 773 destructilem,

207 778 365 853 Pulchram,
377 786 535 855 venustam,
549 778 759 857 praeminentem
774 778 906 852 connire,

207 859 406 923 Discriminatis
419 858 517 918 illitam
532 856 680 918 coloribus.

243 1017 302 1081 Illic
313 1018 442 1081 sacerdos
453 1022 507 1078 stat
520 1022 626 1079 sacrato
637 1016 666 1079 ln
678 1018 786 1095 limine,

204 1098 344 1183 doresque
358 1098 462 1182 primas
474 1096 553 1189 virgo
563 1098 683 1160 custodit
693 1098 785 1176 Fides,

206 1178 307 1241 lnnexa
321 1183 411 1241 crines
424 1177 539 1239 vinculis
554 1198 567 1238 r
582 1184 586 1191 '
602 1178 701 1253 olibas,

205 1259 300 1322 Poscit
309 1260 381 1321 litari
393 1258 519 1319 victimas
533 1262 544 1296 ⁸
559 1258 580 1321 C
602 1259 669 1320 cisto
679 1265 707 1320 et
721 1258 805 1334 Patri,

205 1338 281 1411 Quas
292 1339 472 1422 scitplacere,
484 1337 652 1413 candidatas,
669 1338 809 1420 simplices
824 1385 831 1401 .

242 1501 351 1564 l'mntis
362 1498 508 1583 podorem,
525 1497 615 1559 cordis
628 1498 827 1581 innocentiam,

203 1582 281 1644 Pacis
293 1583 427 1665 quietem,
443 1580 596 1641 castitatem
606 1577 737 1663 corporis,

204 1662 254 1725 Dei
268 1663 407 1735 timorem,
422 1660 548 1743 regrrlam
558 1659 692 1736 scientiae,

204 1742 377 1825 lejuniomm
388 1745 550 1824 parcitatem
562 1741 694 1816 sobriam,

205 1821 292 1906 Spem
301 1842 356 1885 non
368 1821 518 1903 jacentem,
529 1840 639 1903 semper
652 1830 679 1884 et
690 1823 795 1906 largam
809 1826 954 1937 manum'.

243 1980 284 2043 Ex
293 1979 337 2042 his
350 1996 480 2041 amoenrrs
492 1976 590 2040 hostiis
601 1980 689 2062 surgit
701 2000 796 2064 vapor,

203 2060 321 2123 Vincens
333 2062 447 2123 odorem
459 2058 584 2132 balsami,
599 2058 699 2139 thuris,
711 2063 795 2137 croci,

205 2142 291 2217 duras
304 2141 449 2203 madentes
461 2140 633 2221 persicorum
647 2148 821 2210 aromatum:

147 2252 151 2259 ·
207 2220 336 2301 Schlatus
349 2220 416 2282 inde
426 2221 529 2281 ecclam
537 2219 661 2299 adusque
673 2218 788 2292 tollitur,

205 2301 239 2364 Et
250 2310 441 2386 prosperatum
455 2299 534 2360 dulce
545 2298 664 2360 delectat
677 2297 768 2360 Deum
780 2300 802 2360 ⁸.

241 2458 525 2543 lloir'cdisciplinam'⁷
540 2460 665 2545 quisquis
677 2461 803 2524 infensus
818 2468 904 2539 velat,

202 2538 280 2604 Vetat
289 2540 456 2624 probatlrm⁸
469 2544 572 2615 vivere,
587 2550 615 2603 et
627 2550 753 2605 sanctum
764 2544 855 2627 sequi,

205 2622 284 2684 Vetat
296 2623 421 2703 rigorem
433 2624 535 2683 mentis
546 2621 601 2683 alte
610 2622 764 2696 intendere,

209 2701 355 2785 Nostriqae
365 2720 485 2786 acumen
494 2703 568 2784 ignis
580 2702 615 2777 nd
627 2710 729 2766 terram
742 2711 834 2780 vocat,

143 2898 152 2929 ¹
173 2898 386 2960 clamanter,-
407 2897 462 2949 etre
479 2894 564 2963 offert,
627 2900 638 2932 ⁸
660 2920 673 2947 r
685 2900 817 2963 Victimas,
839 2922 850 2949 a
874 2902 1009 2956 ottrandes.
1024 2907 1057 2958 Lo

110 2960 255 3012 etredonnt
263 2961 428 3013 enod'cande.
594 2964 667 3026 poete
687 2964 723 3013 les
743 2966 865 3017 enomere
877 2967 940 3018 dans
951 2968 976 3017 la
987 2976 1058 3019 stro-

142 3022 154 3052 ⁹
173 3022 319 3105 iAEdemp»
340 3028 390 3094 etc3
403 3022 474 3071 saint
485 3021 566 3082 Paul,
594 3026 645 3088 pne
658 3027 782 3076 suivantc.

107 3082 197 3149 llpltre
211 3096 262 3137 aux
274 3085 520 3155 hanachiensem.
531 3098 569 3143 nr,
628 3088 670 3131 ⁸«
692 3089 802 3153 largam
823 3102 931 3141 manum
953 3112 965 3138 ι
985 3095 1056 3144 main

108 3146 409 3198 nacetrternesenrs
425 3148 485 3219 qaia
500 3153 569 3196 tem-
596 3147 710 3200 liberale.
931 3130 940 3157 ’

136 3210 183 3281 am
204 3210 249 3281 Dei
270 3208 340 3281 ostis,
359 3214 389 3279 et·
403 3208 570 3281 Spiritustlel
628 3212 640 3241 ⁸
659 3212 861 3277 «tnosperarum
871 3216 954 3267 Deum
971 3217 1057 3266 »Dieu

161 3276 207 3321 rtat
224 3284 253 3321 m
271 3269 391 3345 vobrslsr
407 3282 464 3334 qurs
482 3276 569 3343 autem
597 3272 741 3340 reconcilid,
751 3276 834 3341 epaise
842 3315 851 3341 ,
862 3278 944 3328 rendu
955 3254 1057 3328 lavora-

106 3333 238 3467 &iiiiii
253 3332 570 3467 ffi‘q’fflltnfflffi
596 3334 646 3428 mel·
659 3419 670 3444 α
683 3400 860 3465 Disciplinam,
874 3420 886 3445 ι
900 3400 976 3452 culte.

107 3454 156 3507 Uer
186 3464 304 3507 muctam
337 3464 389 3520 est,
414 3458 483 3521 quod
511 3468 571 3508 esus
630 3462 671 3505 ¹«
696 3463 833 3515 Probctdm
854 3470 918 3514 »est
939 3469 991 3528 pris
1013 3464 1056 3515 ad-

108 3530 164 3569 voc.
598 3522 782 3577 verbialement
811 3526 874 3576 dans
900 3526 924 3576 le
947 3538 1004 3576 sens
1026 3527 1057 3580 de

142 3580 157 3615 θ
171 3536 332 3642 :Flebilem
346 3596 358 3625 o
370 3548 505 3647 splendet!
602 3603 613 3628 ι
627 3587 738 3651 probe.»
