2324 3960
435 159 659 224 resonuerat.
983 177 1026 224 arr

172 270 303 333 Perderet
313 280 344 332 ut
357 279 507 353 sceptrum,
521 273 616 344 vitam,
632 271 831 356 propriumque
845 282 987 358 nepotem,

215 350 280 412 Haec
292 352 341 413 tria
354 373 416 412 sum
432 373 574 433 uunquam
590 355 748 414 consiliatus
763 375 825 433 ego.

173 430 309 492 Addimus
323 443 351 492 et
361 442 505 513 quartum:
522 433 659 494 milri'mm
678 433 728 493 fuit
743 433 787 497 illa
800 434 927 496 voluntas
996 450 1028 497 45

214 511 373 593 Utcumque
386 520 417 573 ut
432 519 538 573 rerum¹
549 513 609 574 lraec
620 515 689 573 mala
704 522 776 573 tiauta
789 513 888 574 locent.

172 591 231 652 Hoc
244 611 296 671 ego
310 592 436 666 clamavi,
452 593 555 664 clarus,
568 593 690 654 clamabo
705 614 754 674 per
768 602 869 668 aarum,

214 670 278 733 llaec
291 671 395 733 douec²
405 672 505 733 auimae
513 672 635 734 membra
647 674 736 753 liquor
747 682 868 754 vegetat.

175 751 227 823 Qui
242 751 345 813 modd³
362 772 417 813 uon
433 753 529 820 credit.
547 765 659 831 cogetur
672 752 784 814 credere
798 755 921 829 tandem,

214 830 333 893 Ventum
348 833 400 892 erit
412 841 443 893 ut
459 833 551 910 maqui
566 833 666 914 judicis
685 842 749 894 aute
762 833 894 895 thronum
901 854 912 915 3
1000 855 1032 897 oo

177 911 230 982 Qui
245 911 313 972 mihi
325 920 403 973 testis
415 912 474 983 erit,
492 913 554 994 pius
566 923 593 972 et
605 913 775 993 justissimus
789 914 870 987 ultor,

218 990 317 1054 Omnia
332 994 377 1053 cui
392 1012 502 1073 semper
517 992 590 1054 nuda
611 1001 639 1053 et
654 1006 747 1073 aperta
761 1001 891 1067 manent;

179 1071 232 1143 Qui
246 1090 301 1131 uon
313 1082 436 1154 acceptat
451 1077 593 1153 personas,
609 1093 724 1134 munera
739 1075 813 1133 sive*

218 1149 324 1231 Diligit,
337 1171 447 1232 aequum
462 1173 558 1234 aequus
575 1152 663 1234 diligit
678 1173 761 1214 omne
778 1153 893 1215 bonum.

180 1231 248 1312 Ejus
262 1232 288 1293 iu
303 1232 434 1314 adspectu
449 1231 591 1295 falsissima
606 1242 703 1294 cuncta
715 1232 851 1310 peribunt,
1001 1254 1032 1296 aa

221 1311 272 1372 Hic
287 1317 383 1373 mcus⁵
396 1313 508 1373 alterius
523 1332 579 1374 uon
592 1334 645 1394 ope
659 1314 735 1373 testis
746 1324 819 1394 eget.

180 1391 225 1452 Me
239 1400 296 1467 tua,
309 1392 401 1460 chare,
417 1392 491 1453 luvet
502 1393 590 1454 dulcis
602 1394 765 1474 compassio,
780 1393 872 1464 frater.

223 1471 405 1552 Tristitiaeqrre
418 1493 489 1534 meaa
504 1495 565 1555 pars
584 1473 632 1533 tihi
648 1494 744 1554 rrragua
760 1480 864 1535 manet.

183 1551 235 1613 Det
249 1551 513 1626 PateraltithronuS‚
528 1553 628 1613 coelum
644 1561 799 1634 terramque
811 1555 977 1635 gubernans,

226 1630 340 1692 Laetitiae
359 1644 458 1692 nostrae
471 1641 502 1693 ut
515 1635 658 1714 postmodo
671 1654 785 1715 compos
797 1653 853 1696 eas.
1005 1653 1038 1696 uo

184 1711 224 1772 Tc
235 1713 292 1771 scio
306 1723 467 1772 cunctorum
483 1714 639 1774 redimitum
653 1714 874 1792 ssorcbonorum,

226 1791 364 1872 Lampade
378 1792 511 1854 uirtutum
525 1814 575 1854 seu
591 1795 702 1855 rutilare
719 1795 795 1856 satis.

187 1871 229 1933 Sit
242 1872 291 1933 tihi
304 1873 368 1945 vita,
383 1874 467 1947 salus,
479 1881 506 1933 et
520 1873 620 1936 Christi
633 1875 719 1952 gratia
732 1875 814 1954 regis,

225 1953 306 2014 Extet
318 1960 345 2012 et
359 1954 533 2034 omnipotens
544 1953 635 2013 fautor
645 1952 746 2034 ubique
758 1955 817 2016 tibi.

186 2032 253 2093 Vive
266 2033 322 2094 Deo
337 2032 401 2092 felix
415 2052 462 2111 per
476 2042 598 2111 tempora
616 2032 694 2111 longa
707 2034 845 2106 sacerdos,
1009 2049 1042 2092 oo

227 2111 322 2192 Deque
335 2111 409 2173 hono
424 2111 453 2171 in
465 2111 564 2170 melius
577 2109 679 2191 profice
689 2112 752 2173 ritd.
764 2110 839 2173 Vale.
880 2141 883 2149 ·

311 2350 388 2400 vm.
407 2352 452 2399 lle
467 2356 592 2415 septem
606 2350 696 2398 vltlls
714 2346 920 2415 oapltnllbn'n'·

193 2546 324 2615 Cladibus
334 2548 378 2609 his
388 2555 495 2629 septem
505 2553 594 2608 totum
609 2546 776 2608 vastaverat⁶
787 2548 893 2628 orbem,

233 2628 337 2711 Hisque
351 2628 533 2710 triumphator
544 2628 628 2688 totius
638 2628 712 2689 orbis
723 2636 791 2688 erat.

194 2709 243 2771 llis
258 2730 345 2792 gertus
355 2709 510 2769 humanum
524 2709 598 2769 vitiis
608 2708 682 2769 serus
694 2708 782 2768 hostis
800 2707 918 2769 habehat

234 2789 388 2870 Captivum,
401 2790 445 2850 his
457 2789 540 2849 armis
554 2789 767 2868 subdideratque
782 2789 845 2851 sibi.

196 2869 316 2930 Perculit
329 2878 357 2930 et
369 2870 489 2952 primum
506 2869 653 2950 probrosus
667 2881 696 2930 ut
711 2871 755 2930 ille
771 2874 940 2951 pareutcm⁷,
1036 2886 1064 2930 a·

237 2947 312 3010 lllius
325 2949 353 3008 in
368 2959 457 3010 totum
468 2950 508 3010 sic
521 2957 612 3010 movet
623 2969 697 3010 arma
712 2970 799 3031 genus
810 2972 818 3024 ;

134 3199 142 3229 ¹
163 3213 177 3245 a
191 3197 296 3245 Rerum.
309 3191 424 3254 »Voyeu
435 3205 499 3255 page
509 3194 563 3254 tos,
591 3191 701 3253 terucirr3
723 3204 767 3240 son
787 3191 948 3249 temeramus
967 3187 1054 3251 sullit,

101 3267 193 3311 notet.
592 3267 649 3301 saus
667 3255 728 3316 qu'il
748 3255 796 3304 soit
815 3252 936 3303 roussrrut
955 3263 1001 3313 par
1019 3265 1055 3301 uu

132 3326 144 3355 ¹
163 3341 174 3368 a
191 3327 301 3370 Donec.»
321 3316 415 3379 Voyez,
432 3328 496 3378 page
508 3318 562 3374 258,
591 3324 672 3365 autre.

100 3393 159 3436 noto
175 3388 196 3433 t.
624 3379 636 3408 ⁶
655 3398 666 3423 «
683 3378 838 3428 Vastaverat.
857 3395 869 3421 a
889 3375 959 3438 Sujet
976 3373 999 3424 le
1014 3374 1057 3425 dd·

134 3451 145 3479 ³
164 3465 177 3495 u
191 3445 272 3495 Modo.
287 3462 298 3487 a
312 3441 479 3491 mairrtenaut.
593 3455 661 3490 moa.

135 3510 147 3541 ⁴
164 3509 247 3558 «sive
260 3525 273 3551 o
287 3516 350 3569 pour
365 3522 376 3550 r
390 3515 504 3567 neque.»
627 3503 638 3533 ⁷
652 3520 666 3551 u
677 3503 794 3552 Prmrum
806 3507 968 3566 parentem.»
978 3498 1058 3551 thre

136 3572 147 3602 ¹
165 3571 328 3628 «Hicmcus,
339 3565 569 3632 etc.,nroitamon
596 3566 709 3629 premier
721 3566 791 3628 pere,
802 3565 892 3615 Adam
925 3603 936 3614 .
1035 3568 1039 3577 ·
