2324 3960
235 199 514 325 nannents
561 179 926 312 putantque,

132 871 251 936 Frauqois
270 870 415 930 Petrarque
433 880 469 916 uu
486 867 530 916 des
540 866 599 930 plus
610 863 704 929 grands
716 863 800 926 poetes
810 861 841 913 de
850 859 948 919 livdie,
961 861 1051 934 nequit

100 937 227 995 alineare,
237 945 294 981 vers
307 934 374 989 tad-l,
386 936 412 979 et
420 935 526 980 mourut
535 943 568 978 en
589 930 658 977 1374.
670 926 690 975 ll
703 937 821 995 oomposa
839 930 903 973 eette
919 935 1049 986 graereuse

102 1004 128 1047 et
139 997 273 1047 touchante
312 994 378 1042 ridie
390 991 504 1054 lorsqu'rl
517 990 567 1039 alla
586 987 709 1046 visitent
728 987 753 1035 la
773 986 976 1055 Sarute-Baume‚
993 985 1051 1047 pres

101 1059 133 1109 de
148 1057 282 1114 Mersella,
294 1007 319 1105 le
336 1054 453 1104 tombeau
467 1053 497 1103 de
508 1053 588 1102 sainte
601 1048 839 1121 Maria-lladeloine‚
850 1054 876 1097 et
887 1047 905 1095 rt
918 1046 1051 1118 llusorioit
1098 1052 1107 1067 ·

101 1134 147 1171 sur
157 1121 182 1170 la
191 1126 273 1185 grotte
291 1119 324 1167 ou
338 1118 362 1166 la
368 1116 448 1167 sainte
458 1115 575 1179 passales
587 1115 715 1164 dermeres
726 1110 819 1160 euntes
831 1109 862 1161 de
873 1122 900 1159 sa
912 1121 961 1159 ure.

530 1353 631 1367 ρ’..-

275 1638 389 1687 Priene
406 1640 427 1684 rt
444 1636 553 1686 sainte
568 1637 670 1687 Morio
692 1635 881 1687 madelelne.

202 1830 296 1893 Dulcis
308 1831 396 1893 amica
410 1831 471 1906 uei,
484 1831 611 1916 lacrymis
623 1832 765 1896 inlleotere
777 1832 889 1905 uostris,

203 1918 295 1994 Atque
308 1932 383 1973 meas
395 1912 505 1974 attende
520 1933 627 1994 preces,
642 1921 798 1994 nostreque
811 1911 892 1973 saluti

201 1991 321 2054 Consule
329 2014 336 2053 τ
344 2012 464 2073 namque
477 2003 565 2071 potes.
575 1992 671 2073 Neque
684 1993 759 2053 enim
768 1991 815 2053 tihi
828 1998 941 2073 tangere
953 1988 1054 2050 frustra

202 2073 382 2142 Permissum,
398 2071 558 2153 gemituque
571 2072 657 2154 pedes
669 2071 836 2154 perfundere
849 2089 951 2141 saeros.

202 2152 237 2213 Et
251 2150 345 2212 nitidis
359 2151 462 2212 siccare
475 2151 574 2225 eomis,
589 2152 660 2214 ferre
674 2152 767 2214 oscula
781 2151 894 2233 plantis,
1039 2162 1053 2207 ⁵

202 2230 288 2313 loque
302 2239 383 2313 eaput
397 2231 507 2292 Domini
522 2232 655 2312 pretiosos
668 2251 797 2314 spargere
810 2230 919 2293 odores.

201 2310 259 2372 Nee
273 2309 322 2371 tibi
336 2330 387 2372 eon
410 2331 500 2373 ressus
512 2312 615 2393 primos
629 2334 644 2374 a
657 2320 746 2374 morte
759 2330 906 2393 resurgens

202 2390 237 2451 Et
247 2410 328 2451 voees
343 2332 437 2452 eolre
451 2411 516 2452 suas
530 2400 557 2453 et
570 2392 694 2454 membra
709 2392 812 2464 videre,

103 2526 107 2532 .
205 2469 362 2531 immortale
377 2471 461 2532 decus
475 2471 626 2552 lumenque
640 2470 765 2534 habitura
780 2472 789 2507 ¹
802 2490 851 2554 per
862 2490 965 2546 aevnm,

118 2627 121 2632 .
203 2548 392 2632 Nequioquam
408 2550 484 2612 dedit
494 2550 606 2613 aetherei
619 2573 666 2614 rex
682 2551 806 2614 Christus
820 2549 940 2633 Olympi.
1026 2564 1058 2610 to

207 2629 317 2692 Viderat
331 2631 378 2693 ille
396 2632 469 2692 ornei
487 2631 651 2705 haerentem,
675 2652 727 2694 nee
746 2631 804 2693 dira
824 2638 969 2713 paventem

205 2708 326 2772 iudaicae
343 2720 479 2773 tormenta
500 2733 609 2785 manus,
626 2712 772 2794 turbaeque
789 2709 905 2773 furentis

207 2788 302 2870 iurgia
320 2797 348 2850 et
369 2790 497 2863 insultus,
514 2802 656 2874 aequantes
669 2792 783 2854 verbera
804 2792 928 2884 linguam

208 2866 263 2931 Sed
283 2877 409 2930 moestam
431 2870 652 2953 intrepidamque
668 2872 763 2950 simul,
776 2872 924 2953 digitisque
934 2875 1063 2932 eruentes

209 2948 383 3009 Tractautem
392 2948 505 3022 elavos,
521 2950 685 3032 implentem
703 2951 815 3013 vulnera
835 2951 915 3023 fletu,
1031 2965 1062 3008 ro

210 3026 325 3089 Pectora
344 3028 507 3090 tundentem
525 3030 654 3092 violentis
673 3030 788 3092 eandida
810 3030 922 3114 pugnis,

212 3106 364 3171 Vellentem
386 3107 472 3171 ssavos
491 3109 618 3172 manibus
635 3111 697 3174 sine
718 3131 796 3173 more
815 3109 928 3193 capillos
938 3113 960 3169 ¹.

146 3340 158 3371 ⁰
172 3338 340 3388 «Habitum»
354 3343 392 3387 est
403 3350 436 3388 au
445 3340 540 3390 voeatis
547 3348 573 3393 et
601 3343 636 3391 du
658 3343 773 3407 repentir
790 3343 822 3393 de
850 3338 990 3391 Madeleiue
1008 3351 1068 3389 aree

114 3417 141 3453 se
154 3400 385 3465 rapporteasaiute
397 3400 585 3454 ilaue-time·
602 3406 667 3455 celui
695 3406 771 3468 qu'en
791 3409 836 3454 ont
861 3402 929 3453 traee
951 3400 1021 3451 Odon
1039 3401 1071 3451 de

114 3465 190 3515 leina.
603 3468 729 3533 Cluupau
749 3465 860 3518 rosiecle
876 3462 1070 3515 etGodeschalk

147 3526 192 3577 'll
209 3532 248 3576 est
266 3525 419 3576 interessent
428 3526 459 3577 de
471 3539 572 3592 eompa-
602 3544 634 3579 au
643 3545 679 3580 xre
696 3531 781 3583 siecle.
795 3528 889 3591 verer,
901 3538 978 3591 panes
989 3527 1035 3577 390
1047 3534 1073 3577 et

115 3598 199 3640 mee
216 3587 362 3639 tableauun
381 3601 430 3652 peu
452 3589 573 3654 physique
602 3595 658 3643 tea.
