2324 3960
449 159 672 223 radonncann.
996 171 1042 219 ara

188 281 282 364 Longa
323 281 396 344 edat
406 282 507 365 longis,
517 281 685 364 adhibetque
698 276 950 364 rotundarctundis
1041 300 1043 304 ’
1077 276 1080 281 ’

226 363 296 444 Emp
308 370 391 436 astra,
404 371 432 424 et
447 363 560 424 modulo
573 363 694 424 vulneris
706 368 781 439 aptat
794 379 837 421 ea.

185 442 216 504 Li
237 462 273 503 no
287 463 362 504 mors
371 441 465 515 subiit,
479 441 549 504 redit
560 450 588 502 et
601 442 655 502 vita
666 441 768 522 inclyta
781 439 885 521 dignm,

217 463 300 583 didam
310 530 407 601 gustus
419 526 486 603 agit,
497 521 569 582 hanc
578 528 589 561 ¹
598 521 689 583 crucis
703 521 773 581 altus
785 518 885 580 honos.
1005 535 1038 580 4ο

184 600 231 661 Vir
250 623 267 664 ο
281 609 361 663 vetus
373 601 683 673 mortemretulitnnva
693 600 776 682 Virgo
787 599 917 671 salntem,

224 622 289 744 idac
303 680 445 742 suadendo
458 681 549 742 virum
560 686 581 753 ⁸,
599 682 659 743 hacc
673 679 830 762 generando
844 679 944 742 Deum.

183 759 275 822 Prisca
289 763 384 852 virago
397 762 456 821 vird
467 761 555 822 letum
570 760 633 833 fert,
647 768 675 821 at
688 770 758 821 nova
771 758 911 822 Christum

224 840 321 902 Vivere
336 840 478 922 discipulis
491 841 599 902 nuntiat
612 861 677 902 ecce
691 841 755 922 piis.

182 920 254 983 Esca
267 920 343 982 dedit
357 929 484 994 mortem,
499 921 585 982 vitam
600 921 728 982 concedit
741 929 769 981 et
781 939 861 988 esca;
1004 936 1035 981 rs

221 1000 385 1063 Tnncdabat
396 1001 452 1064 Eva
463 1020 577 1076 nocens,
589 1002 637 1062 das
645 1000 739 1075 arona,
748 999 855 1062 Christe
865 1006 973 1084 potens.

331 1245 382 1293 lx.
401 1245 449 1292 nd
457 1246 612 1293 carolum
628 1244 872 1306 Imperatorem.

182 1437 236 1510 Qui
248 1438 319 1521 regit
333 1459 407 1517 arva,
420 1440 546 1522 polum⁸,
557 1440 608 1503 tibi
624 1441 670 1512 sit,
684 1459 742 1511 rex,
757 1436 971 1519 fautorumque,

218 1518 258 1580 Te
277 1540 314 1581 ne
324 1520 403 1600 juvet
414 1540 472 1581 sem
494 1541 523 1582 er
537 1521 585 1612 qni
597 1520 669 1602 regit
682 1538 757 1587 arva:
773 1517 869 1599 polum
878 1521 899 1577 ⁵.

179 1595 232 1668 Qui
247 1539 304 1689 ddi
311 1606 417 1680 sceptra
430 1541 516 1673 dedit,
532 1610 594 1662 vrtae
607 1599 653 1661 det
666 1609 789 1682 tempora
803 1597 905 1680 longa3

218 1676 322 1739 Gaudia
337 1679 469 1740 concedat
484 1679 531 1761 qui
545 1680 594 1743 tibi
603 1688 709 1763 sceptra
723 1679 810 1741 dedit.

160 1768 164 1775 ·
179 1755 237 1817 Sub
248 1765 294 1818 tna
301 1757 363 1839 jura
377 1759 452 1820 Deus
465 1760 541 1821 dedit
552 1760 687 1842 Enmpeia
701 1779 802 1841 regna3
1017 1771 1031 1816 5

216 1837 317 1899 Totum
332 1838 426 1901 orbem
437 1840 551 1902 inclinet
559 1840 611 1902 sub
625 1843 672 1901 tua
682 1841 743 1922 jura
758 1840 842 1901 Deus.

177 1913 212 1975 Ut
216 1918 329 2058 premis
346 1919 405 1997 ipsa
417 1920 500 1994 feras,
513 1920 646 2001 reprimas
660 1922 700 1980 sic
710 1919 824 1980 barbara
837 1918 916 1992 colla,

242 2001 378 2080 esperiam
388 2000 521 2081 reprimas
535 2007 567 2059 ut
580 1998 683 2079 premis
696 1999 757 2079 ipse
766 1999 847 2058 feras.

175 2076 211 2139 Ut
222 2076 270 2139 tihi
289 2078 362 2139 cedit
375 2098 450 2159 aper,
467 2077 578 2138 Maurus
592 2077 642 2137 tibi
656 2077 736 2137 cedat
749 2075 907 2158 Arabsque;

215 2155 340 2217 Sarmata
354 2154 537 2217 succumbat⁰
555 2164 587 2215 nt
598 2155 645 2216 tihi
660 2155 733 2216 cedit
746 2175 820 2236 aper.
998 2173 1029 2218 ιο
1049 2218 1060 2237 ,

119 2267 123 2273 ·
174 2235 249 2297 Colla
264 2234 381 2317 superba
392 2243 475 2308 teras,
488 2243 582 2296 anates
594 2242 626 2293 ut
637 2233 715 2294 turba
730 2253 878 2315 caponum,

214 2314 348 2374 Anserem
362 2322 392 2375 nt
404 2314 543 2396 accipiter,
559 2313 629 2375 coila
642 2313 759 2394 superba
771 2322 854 2376 teras.

174 2392 280 2455 Gaudia
291 2394 350 2455 sive
361 2394 459 2476 jcccs⁷
474 2395 542 2455 istos
556 2403 658 2455 aeterna
672 2401 833 2476 sequantur,

213 2472 294 2535 Fertc
306 2493 355 2556 per
366 2476 535 2536 immensum
564 2473 645 2535 audia
659 2473 717 2535 sive
728 2474 816 2555 jocos,

173 2552 264 2615 Gratia
279 2574 377 2636 magna
391 2553 441 2617 Dei
455 2556 517 2617 vitae
531 2495 581 2616 cdi
595 2573 709 2616 munera
723 2554 835 2636 pandat,
994 2575 1024 2621 ra

212 2632 251 2697 Tc
264 2646 342 2717 regat
354 2642 437 2718 atque
448 2642 523 2718 tegat
535 2634 621 2720 gratia
635 2654 735 2718 magna
749 2635 810 2696 Dei.

108 2996 116 3026 ¹
136 2996 309 3060 «tigrane
318 3004 429 3061 premier
436 3001 539 3067 designa
592 3007 604 3037 ⁴
622 3008 723 3068 «Arva,
743 3007 840 3072 polum,
850 3023 863 3056 a
874 3009 900 3058 la
915 3014 984 3060 terre
1000 3017 1027 3061 et
1101 2998 1107 3009 ¹

73 3056 165 3108 l'arbre
175 3059 206 3110 de
218 3061 241 3108 ta
249 3059 344 3109 science
354 3063 388 3111 du
398 3063 457 3112 bien
469 3073 494 3114 et
505 3066 540 3114 du
558 3065 583 3115 le
594 3068 652 3118 ciel.

73 3122 134 3195 mai,
157 3128 183 3172 et
202 3123 226 3172 le
244 3123 335 3172 second
352 3125 443 3175 l’arbre
461 3126 493 3176 de
514 3128 539 3178 la
593 3131 605 3160 ὅ
623 3132 662 3202 te¹
673 3131 767 3182 resrain
780 3134 823 3195 qui
840 3133 950 3184 termine
967 3139 1024 3185 tons

72 3196 237 3299 c“dudlllam
252 3249 429 3301 oC'astd-dr're
440 3269 452 3294 r
462 3265 535 3302 mor·
559 3191 1025 3320 ldrsidldddddsgddteddleeddeddcddddd.

72 3315 536 3386 tem.»-edgancpeapagetpa,
590 3317 631 3362 θα
652 3318 812 3369 succumbat.
833 3319 1024 3384 »Varenpage

72 3380 131 3447 nate
153 3379 175 3424 1.
187 3399 219 3413 -
233 3395 246 3420 ι
262 3376 341 3427 Hanc.
356 3377 535 3428 »C'esta-drre
559 3381 615 3440 258,
628 3388 688 3431 nte
702 3390 722 3431 1.

59 3448 85 3481 Ἰ
97 3441 187 3488 vitam.
200 3457 226 3484 a·
591 3441 602 3472 ¹
621 3463 633 3488 a
649 3443 746 3493 Gaudia
763 3443 815 3494 sive
833 3444 910 3506 jocos.
930 3449 989 3504 etc„
1009 3462 1022 3491 ι

109 3498 122 3536 ⁸
138 3514 153 3546 e
168 3500 270 3554 Virum.
281 3503 389 3572 avorsa,
400 3514 465 3571 page
478 3505 534 3565 264,
560 3518 609 3568 que
624 3505 649 3555 la
660 3506 701 3556 rie
713 3506 832 3557 eternallc
844 3505 946 3558 succede
957 3506 1023 3560 ates

75 3560 169 3612 natet.
554 3566 850 3639 joiepetdtesplaisirs.
