2324 3960
123 177 171 225 286

422 177 546 227 ΕΙΒΟΙΝΕ
563 177 782 228 nrotcls'nrnn.

220 273 337 335 Telluris
348 274 455 355 glebam
469 275 573 337 sotidm.
590 275 672 349 Bone,
690 277 768 358 fruge
780 295 801 345 1,
813 275 923 346 colono,

220 354 331 415 Civibus
345 353 478 416 exhausta
496 364 548 417 est.
565 354 668 417 Stantis
682 356 812 418 fortuna²
826 356 938 425 latebat,

220 432 293 494 Dum
304 435 419 516 capitur,
434 455 476 527 ve
489 444 591 516 quanta
606 436 672 498 fuit!
689 436 755 497 Post
765 436 877 519 gaudia,
888 434 1030 514 Princeps

212 512 347 575 Delectat
360 515 524 576 meminisse
538 516 615 581 mali.
628 515 816 596 Populatibus‚
832 516 891 598 igni

221 593 280 653 Etsi
291 590 472 667 concidimus,
485 594 598 656 veniens
611 604 704 657 tamen
714 596 808 657 omnia
818 604 912 656 tecum
1040 612 1072 654 111

221 672 355 734 Restituis
368 697 375 734 :
389 674 494 735 fuimus
508 675 588 735 vestri
599 676 662 755 quia
672 696 753 737 causa
766 674 912 756 triumphi,

221 752 283 834 lpsa
298 754 377 815 ruina
388 754 486 835 placet,
502 753 595 825 Quum
605 755 696 816 victor
708 755 841 817 scandere
852 775 963 817 currum

221 832 351 913 Incipies
368 834 529 915 crinemque
539 854 647 895 sacrum
657 833 707 895 tihi
720 855 798 897 more
811 832 934 915 priorum

223 912 320 973 Nectet
332 912 456 983 muralis,
472 912 590 991 vallaris,
606 914 691 975 civica
711 914 814 989 laurus,

223 993 258 1053 Et
271 1012 367 1073 regum
383 992 516 1073 aspicient
524 992 651 1075 capitolia
664 993 736 1055 frrlva
748 1002 869 1067 catenas,
1029 1012 1076 1054 roo

225 1072 345 1152 ipseper
360 1072 499 1133 obstantes
510 1074 637 1155 populos,
651 1093 804 1155 raucosque
814 1074 934 1155 fragores

224 1152 393 1225 Praecedam‚
410 1158 438 1213 et
451 1153 539 1224 tenui,
554 1152 626 1213 sicut
636 1173 720 1225 nune,
734 1154 855 1215 carmine
866 1154 956 1217 dicam

228 1231 267 1291 Te
296 1232 401 1292 eminas
414 1231 447 1293 Al
468 1252 507 1305 es,
523 1239 551 1293 te
563 1232 667 1313 Syrtes,
680 1240 708 1293 te
722 1253 797 1295 mare
811 1253 954 1315 magnum,

227 1312 266 1372 Te
277 1253 357 1385 dreta,
368 1320 396 1372 te
409 1252 523 1391 Lydicas
538 1316 638 1393 pariter
651 1312 792 1374 domuisse
806 1322 944 1383 cateruas3
1003 1328 1009 1337 ·

224 1395 296 1452 Ante
311 1400 404 1453 tamen
418 1392 515 1452 vicisse
529 1391 608 1452 mihi.
623 1391 703 1461 Qudd
712 1392 817 1453 lumina
829 1392 928 1464 flectis,
1031 1408 1077 1449 1111

225 1471 360 1551 Quodque
377 1481 503 1532 serenato
522 1471 637 1532 miseros
649 1472 706 1552 jam
721 1472 835 1554 respicis
849 1492 907 1551 ore,

224 1551 354 1611 Exuitare
366 1550 443 1611 libet.
457 1551 583 1621 Memini,
598 1570 687 1631 quum
700 1571 812 1642 parcere
825 1552 921 1621 velles,

226 1629 277 1689 Hic
291 1629 341 1689 tibi
350 1631 442 1690 vultus
457 1639 523 1701 erat,
538 1630 614 1691 mitis
627 1631 674 1691 dat
686 1652 764 1712 signa
774 1638 903 1692 venustas
913 1634 936 1689 ³.
995 1689 997 1693 ,

226 1710 343 1768 Annue:
359 1708 399 1767 sic
410 1709 506 1769 vestris
516 1710 631 1789 respiret
643 1710 666 1771 B
684 1730 726 1771 rsa
738 1710 753 1756 4
764 1711 886 1793 tropaeis,

228 1787 276 1848 Sic
288 1786 405 1848 Parthus
419 1789 525 1848 rectdm
538 1788 634 1869 fugiat,
678 1810 817 1871 aurusque
826 1792 927 1851 timore
1029 1804 1078 1848 tro

228 1867 314 1928 Albus
328 1873 373 1928 eat
386 1887 394 1928 ε
409 1868 448 1927 sic
463 1866 534 1928 Susa
545 1876 675 1943 tremant,
688 1870 839 1951 positisque
850 1866 983 1950 pharetris

227 1947 374 2009 Exarmata
388 1955 467 2008 tuum
484 1946 663 2010 circumstent
676 1948 772 2011 Baetra
785 1949 918 2011 tribunal.

228 2118 422 2193 EXTRAIT
437 2118 498 2191 DU
510 2107 825 2205 PANEGYRIQUE
836 2114 1038 2191 D’AVITUS
1048 2116 1073 2185 ⁵.

604 2234 733 2305 ...-

229 2345 383 2395 lnmion
399 2352 432 2391 et
446 2348 670 2451 ωοιινειιέεηῑῗ
686 2342 744 2387 (les
760 2342 920 2387 barbares
935 2340 1019 2386 dans
1036 2338 1084 2384 le·

607 2418 651 2451 am
664 2416 710 2448 cs.

230 2522 292 2583 iam
306 2520 474 2601 praefecturae
487 2515 623 2651 pprsectus
635 2513 778 2573 culmine⁶
792 2513 902 2601 tandem

233 2600 270 2660 Se
284 2598 396 2660 dederat
409 2596 476 2655 ruri.
517 2612 640 2672 unquam
654 2597 748 2665 tamen
762 2596 827 2661 otta,
842 2608 985 2685 nunquam

137 2806 239 2858 aussitdt
258 2805 274 2852 d
292 2802 362 2865 Lpon
373 2813 412 2849 ses
424 2796 595 2861 privilegesct
657 2793 695 2863 ⁴¹«
716 2793 832 2857 Respiret
851 2794 939 2856 Byrsa.
959 2794 1085 2857 Carthago

137 2866 235 2918 eombta
246 2866 270 2914 le
281 2870 352 2927 poete
361 2862 393 2911 de
405 2861 515 2909 teneurs.
624 2856 684 2904 ttan
696 2855 762 2904 alors
777 2858 884 2919 occupee
907 2870 952 2919 par
963 2857 998 2905 les
1017 2856 1084 2911 Van·-

172 2933 178 2960 ¹
197 2948 210 2973 1
221 2924 388 2987 Bovesruge,
399 2922 546 2984 etc.‚ussne
558 2918 595 2969 lui
626 2918 703 2966 dales.
722 2918 845 2981 Majorien
858 2920 971 2985 songeait
992 2919 1049 2981 ddja
1071 2923 1086 2968 a

138 2996 204 3043 reste
221 2989 279 3053 plus
291 2988 317 3036 ni
329 2984 419 3042 boeuts,
435 2984 462 3033 ni
481 2983 596 3047 roconos,
625 2987 711 3050 porter
724 2981 749 3028 111
759 2995 852 3045 guerre
866 2996 898 3032 en
908 2982 1024 3045 Afrique,
1036 2986 1085 3031 eta

137 3052 165 3105 rii
175 3052 269 3109 colono,
282 3050 309 3099 ni
319 3048 439 3111 citoyens.
626 3042 737 3093 norurer
762 3051 827 3095 cotto
852 3046 954 3095 controe
975 3045 1005 3093 de
1031 3046 1085 3092 teur

170 3119 182 3149 ²
195 3133 208 3159 «
221 3114 333 3163 Fortuna
346 3130 358 3153 1
374 3116 412 3160 est
421 3109 474 3173 pris
490 3108 541 3157 ala
550 3106 597 3156 fois
629 3105 794 3157 domination.

139 3192 172 3231 en
192 3178 276 3228 bonne
287 3180 313 3224 et
332 3185 364 3222 on
377 3172 505 3221 mauvaise
523 3176 596 3235 part:
660 3169 695 3212 ὅ1
709 3170 797 3217 Avitus
809 3188 820 3213 1
832 3168 935 3231 parrint
946 3166 1084 3228 al'empiro

141 3242 206 3305 quet
223 3239 255 3289 de
273 3236 401 3293 «latebat,
422 3254 434 3277 »
456 3235 475 3282 il
496 3232 598 3298 signisse
628 3242 660 3279 en
680 3235 735 3279 155.
749 3230 848 3278 siccine
859 3227 1022 3303 Apollinaire,
1034 3233 1083 3303 ¹qur

141 3303 257 3355 bonheur
265 3315 274 3363 3
286 3299 353 3361 snjet
362 3298 392 3345 de
407 3296 497 3358 111111,
508 3317 519 3339 t
532 3297 551 3344 11
563 3294 598 3344 si·
629 3292 697 3342 avait
714 3292 805 3363 dpouse
828 3304 855 3339 sa
873 3291 926 3339 nile
938 3289 1085 3350 Papranrlra,

143 3366 222 3431 gnido
233 3362 362 3412 nralheur.
629 3354 652 3403 le
673 3354 750 3403 suirrt
770 3355 785 3400 11
804 3355 892 3415 Rome,
914 3359 939 3400 et
960 3363 1084 3421 prononpn

173 3431 183 3458 ⁸
200 3444 213 3475 11
230 3424 347 3475 1111111111
358 3421 430 3485 signa
443 3426 568 3479 venustas,
585 3440 597 3463 11
629 3429 675 3465 son
697 3416 869 3479 panegyrique
890 3416 911 3462 te
932 3420 968 3461 1εἶ
985 3424 1085 3474 ponerer

144 3493 167 3539 la
192 3490 271 3539 doure
289 3485 396 3535 stronde
416 3484 446 3531 de
466 3489 508 3531 ton
531 3480 600 3529 tront.
629 3480 684 3529 456.
1033 3526 1036 3531 ¹

143 3560 180 3604 est
194 3566 229 3600 un
243 3550 354 3600 irenreux
369 3546 481 3609 presago..
663 3542 674 3567 ⁶
687 3560 698 3587 1
712 3538 871 3589 Prmfectrrru¹
891 3535 1016 3601 perfectus
1037 3540 1086 3585 cut-
