2324 3960
154 187 203 235 548
611 180 757 231 JAGOPON,

159 284 227 353 Quis
241 289 283 341 est
294 283 377 339 homo
390 282 437 356 qni
452 298 507 339 non
517 278 606 352 iteret,
671 278 725 339 Fac
736 299 781 340 rna
796 290 895 340 tecum
910 289 983 343 vero
993 287 1073 357 itere,

158 357 272 411 Matrem
282 354 382 411 Christi
394 356 417 409 si
428 354 531 410 videret
672 355 811 411 Cruoitixo
826 356 999 429 condolere,

197 426 312 482 intanto
323 426 475 497 supplicio?
710 430 807 482 Donoo
820 442 875 499 ego
888 427 1002 486 vixero.

123 508 127 515 ·
162 498 230 565 Quis
244 512 297 552 non
312 503 404 568 posset
418 496 582 565 contristari,
672 498 750 554 Juxta
763 513 879 553 crucem
896 504 1000 557 tecum
1014 508 1096 569 stare,

164 569 240 624 Piaan
254 569 366 623 Matrem
377 568 555 638 contemplari
673 570 710 624 To
720 568 839 624 libenter
854 570 969 627 sociare

200 639 348 696 Doleatom
364 654 427 695 cum
442 639 533 695 Filio?
710 643 741 695 ln
756 641 874 712 planctu
887 642 1033 700 desidero.

162 794 217 848 Pro
231 791 350 863 peccatis
359 806 413 846 sun
426 790 514 863 gantis
674 790 758 874 Virgo
771 792 917 864 virginum
929 795 1074 867 praeclara,

165 863 239 918 vidit
248 862 340 919 lesuin
351 862 378 916 in
390 862 533 919 tonnantis
675 862 740 919 nnn
754 868 810 919 tana
826 880 886 919 non
903 864 944 920 s1is
959 882 1065 937 amara,

172 990 176 997 ,
201 936 236 991 Et
244 934 357 1007 flagellis
367 933 517 1004 subditum,
702 937 767 1013 ,Fac
779 951 824 989 ana
836 940 939 991 toouni
953 938 1097 1010 plangere5

166 1004 240 1060 Vidit
249 1022 328 1061 saturn
338 1005 446 1063 dutcenn
454 1007 551 1061 Natum
676 1006 729 1063 Fac
741 1010 773 1062 ut
784 1010 896 1076 portem
909 1008 1018 1065 Christi
1032 1016 1135 1065 mortam

165 1076 336 1146 iiorientorn,
347 1077 508 1147 desolatum,
677 1077 815 1133 Passionis
829 1076 875 1132 iac
891 1086 1064 1149 consortem,

203 1149 273 1203 Dum
288 1146 525 1220 emisitspirituan.
712 1150 746 1205 Et
757 1150 849 1220 plagas
861 1151 1006 1208 recolere.

167 1298 217 1356 Eia
230 1299 325 1370 Mater,
339 1300 399 1355 sons
412 1300 525 1357 amoris!
677 1300 730 1357 Fac
743 1316 788 1355 ino
800 1298 889 1370 plagis
904 1300 1060 1370 vulnerari

168 1372 209 1426 Me
224 1372 326 1429 sentire
340 1371 395 1426 aian
407 1371 507 1427 doloris
678 1374 766 1428 Cruoe
779 1371 833 1427 haic
842 1371 984 1429 inebriari

204 1442 269 1511 Fae,
279 1449 411 1499 uttacum
422 1443 538 1513 lugeam,
714 1442 756 1498 Ob
769 1457 893 1497 antonem
909 1445 988 1501 Fitii.

168 1514 537 1583 Fac,utardaatoorn1autn
680 1513 868 1570 Inflammatus
879 1519 909 1569 et
920 1524 1060 1572 acceaastts
1067 1557 1077 1585 ,

168 1584 200 1640 ln
214 1586 328 1641 amando
343 1582 480 1643 thristuin
494 1588 591 1653 Danm,
681 1588 733 1641 Par
742 1590 781 1655 te,
794 1584 891 1656 Virgo,
908 1586 964 1643 sim
975 1586 1102 1645 defensus

205 1654 240 1711 Ut
250 1654 302 1712 sibi
316 1656 509 1727 complaceam,
718 1654 748 1711 ln
761 1655 805 1712 die
812 1655 923 1729 judicii.

168 1804 268 1862 Sancta
281 1806 375 1875 Mater,
389 1805 462 1863 istud
478 1822 555 1879 agas:
683 1808 735 1863 Fac
745 1822 789 1862 me
799 1823 886 1863 araca
897 1809 1048 1881 custodiri,

171 1876 300 1933 crucifixi
314 1878 366 1950 figo
378 1878 472 1950 pingas
685 1880 769 1935 Morte
780 1877 887 1933 Christi
897 1880 1072 1951 praemnninj

208 1948 292 2007 Cordi
304 1956 364 2005 meo
376 1950 473 2005 validi.
720 1948 983 2022 contoverigratit.

172 2019 225 2076 Tui
235 2021 297 2077 ttati
306 2020 443 2077 vulnerati
683 2018 797 2089 Quando
811 2023 1077 2094 cornusmoriatnr,

172 2091 238 2147 Tam
253 2090 355 2164 dignati
368 2108 417 2163 pro
429 2109 472 2151 mo
482 2092 536 2174 pati
682 2092 734 2147 Fac
746 2095 778 2145 ut
791 2090 891 2169 anianae
905 2094 1029 2151 donetur

209 2164 305 2220 Poenas
320 2166 428 2220 mecum
439 2156 539 2222 dinde.
705 2150 839 2223 ,paradisi
850 2164 952 2235 gloria.
