2324 3960
99 192 143 244 156
375 188 417 240 DE
430 187 644 241 suovtuuuum
661 188 774 238 ntvtut

195 288 250 351 Per
262 286 367 349 deserta
379 285 537 366 viamque
551 283 668 347 formem
682 285 711 347 in
723 292 833 367 tempus
844 292 997 368 utrumqne

194 368 353 451 Temperat,
362 365 467 426 alterna
477 371 510 426 ut
521 364 624 427 tribuat
635 365 695 426 viee
708 364 855 428 eornmoda
867 366 974 444 cestris,

194 447 269 508 Luoe
281 453 390 528 tegens,
401 452 429 506 et
440 450 522 507 noete
535 462 645 527 regens,
657 445 754 507 eedem
767 445 839 527 ignis
853 453 880 508 et
893 445 1005 521 umbra,

193 525 348 591 Disoutieus
363 523 484 588 dammis
494 523 622 588 tenebras
634 532 663 588 et
672 526 747 589 nube
755 526 870 588 calmes.
998 541 1050 587 240

193 683 265 755 Quid
274 683 373 767 loquar
381 692 409 747 et
416 684 529 767 trepidis
540 686 663 768 patribus
671 706 758 769 quum
766 686 938 751 incumberet
947 685 1047 766 hostis,

194 763 318 827 Divisum
329 763 456 847 pelagus,
467 765 613 848 solidoque
628 766 720 849 rigore
732 767 829 847 ligatas

194 843 282 905 Instar
295 845 400 907 montis
414 865 499 927 equas
512 866 600 909 saeuo
613 847 729 909 cessisse
742 845 896 928 profundo;

192 922 308 1006 oratque
319 924 438 1006 gradum
450 925 533 989 illesa
550 926 673 989 tulerant
685 933 726 989 tot
738 926 823 987 millia
840 926 942 1009 plebis,

193 1001 364 1086 Oppressum
376 1003 489 1087 AEgypti
503 1006 636 1088 populum
647 1005 812 1069 coeuntibus
825 1005 928 1069 undis?
996 1021 1048 1068 245

192 1081 293 1147 Omnis
309 1084 385 1147 euim
398 1086 506 1147 euotmi
519 1085 602 1148 serait
621 1092 718 1149 natura
730 1086 849 1169 potenti,

192 1161 317 1247 Quaeque
329 1162 364 1225 ed
376 1183 459 1246 opem
467 1163 580 1245 oedunt,
591 1165 690 1229 eadem
703 1166 871 1228 famulantur
887 1164 922 1227 nd
933 1163 1015 1227 irem.

193 1241 251 1306 Sed
267 1243 338 1306 mibi
350 1263 404 1308 nee
414 1264 532 1307 veeuum
544 1252 657 1307 cunetas
671 1264 831 1327 percurrere
844 1245 948 1308 formas

192 1322 348 1399 Virtutum,
357 1331 386 1387 et
399 1324 484 1406 gestis
496 1324 554 1389 oris
563 1342 621 1389 non
631 1342 711 1406 eque
724 1324 856 1387 facultas:

192 1401 264 1465 Nam
278 1403 340 1486 quis
352 1411 492 1471 nnumin
506 1404 615 1468 evolvet
625 1403 757 1469 miracuta
770 1406 887 1466 rerum?
996 1421 1048 1468 aso

191 1589 225 1640 V.
254 1590 403 1652 Πόμπου
436 1595 503 1641 aiax
530 1593 713 1655 obiectione
736 1592 782 1648 des
807 1592 981 1654 preloque,
1014 1597 1048 1639 et

222 1653 573 1765 εόνῑίοιιιιιίὸηῗοιιὶιὰ
597 1658 694 1767 eolis:¹
703 1655 761 1715 qut
787 1660 838 1703 est
861 1654 1050 1766 &affin
1090 1704 1095 1711 ,

223 1714 357 1828 ιέἴὲᾞ.
371 1728 422 1828 ἰέἵ
436 1723 653 1830 „istd-,⁶⁸
694 1732 731 1767 ⁰⁸
756 1731 859 1767 ”¹⁸⁰¹
882 1731 925 1767 ⁸¹¹
1012 1729 1049 1765 ⁰¹

287 1917 420 2000 Superest
432 1936 508 1980 nuno
521 1917 688 2003 respondere
700 1917 821 2002 querelis

192 1998 262 2070 Quae
273 1996 371 2061 mundi
384 1998 468 2063 rebus
479 1998 602 2061 divinem
615 1996 749 2062 absistere
760 2019 856 2063 euram

192 2077 344 2161 Obiciunt,
360 2076 428 2141 dum
441 2098 515 2163 saepe
528 2079 618 2149 bonos
631 2078 709 2142 labor
722 2082 822 2143 anxius
835 2080 926 2160 tinget,

190 2159 227 2222 Et
240 2159 385 2243 tranquille
397 2159 460 2223 fluit
472 2168 637 2223 eunotorum
648 2160 704 2223 vite
716 2161 863 2222 malorum.

190 2238 255 2315 Die,
272 2260 335 2322 ege,
349 2241 398 2322 qui
409 2240 497 2305 nullis
510 2240 622 2304 Domini
635 2240 803 2303 moderantis
812 2238 928 2301 habenis
997 2255 1047 2299 255

192 2319 336 2382 Humanas
349 2340 396 2382 res
410 2321 450 2383 ire
481 2328 554 2395 utus,
569 2320 640 2401 quid
654 2319 690 2381 ab
702 2320 799 2382 ordine
814 2325 905 2380 cesset

192 2397 321 2458 Nature?
335 2398 403 2466 Quae
415 2341 488 2459 sedi
501 2407 615 2459 movent
628 2396 786 2459 elementa?
799 2397 872 2467 Quid
884 2415 1003 2475 usquam

192 2474 313 2535 Dissidet
325 2492 340 2533 a
353 2475 445 2555 priseo
457 2475 578 2535 divisum
592 2474 697 2534 foedere
705 2477 819 2534 rerum?

189 2550 238 2614 Sio
251 2550 393 2633 interjeotd
405 2551 471 2613 solis
484 2558 628 2612 revooatur
640 2551 772 2611 inertum

187 2630 276 2692 Nocte
289 2629 365 2702 dies3
381 2629 455 2690 idem
468 2637 511 2690 est
521 2628 594 2689 lune
606 2634 800 2710 astrorumque
810 2646 949 2704 reoursus,
994 2647 1048 2696 eoo
1141 2666 1144 2671 ·

189 2710 225 2772 Et
233 2709 362 2800 relegunt
373 2714 452 2770 notes
465 2707 615 2770 subeuntia
625 2714 750 2851 temqora
764 2715 861 2769 metes.

189 2787 424 2851 Nonaiaterveuti
438 2787 555 2870 spirent,
569 2786 607 2850 ita
620 2786 687 2850 nubr
707 2806 741 2850 us
754 2787 853 2850 imber.
939 2795 942 2799 ’

189 2868 263 2930 Laeta
274 2886 295 2929 n
347 2874 388 2941 nt,
405 2874 570 2951 servantque
581 2888 670 2951 genus
684 2868 822 2931 trudentia
833 2868 917 2933 flores

190 2946 305 3011 Semina
339 2968 458 3033 queque
470 2967 553 3033 suum
570 2972 577 3011 :
592 2968 645 3015 neo
655 2948 733 3014 abest
745 2949 780 3014 ab
793 2949 901 3034 origine
911 2971 1005 3038 rerum

125 3197 134 3231 ⁸
153 3193 330 3247 consumes:
349 3193 477 3268 «Semina
492 3195 550 3246 laete
587 3194 725 3258 matsJuste
739 3200 765 3245 et
775 3194 910 3259 homenes,
924 3194 995 3260 prete
1012 3196 1047 3248 iet

92 3266 197 3324 negem,
210 3276 222 3304 ι
237 3258 274 3309 tes
284 3256 491 3355 piantesterules
503 3258 550 3358 re:
587 3271 638 3309 une
656 3257 717 3332 eoin
736 3270 786 3307 eux
800 3257 914 3369 qtsqteeqi
931 3258 1064 3372 (tqelsoug¹

92 3319 550 3448 ttutututtututttu
585 3320 862 3444 tuttttttuu
884 3401 896 3426 a
917 3332 1045 3441 abab

93 3457 259 3510 pronaeque
286 3446 340 3497 riou
368 3445 433 3497 n'est
451 3445 550 3495 cheud
585 3458 662 3556 quam
681 3443 785 3493 dissidet
801 3444 818 3493 b
832 3444 914 3507 priseo
932 3442 1044 3502 divisum

95 3505 158 3555 dans
175 3508 268 3560 l'ordro
289 3508 320 3560 de
341 3507 367 3558 la
395 3513 494 3559 nature.
596 3508 679 3557 oedere
692 3500 993 3558 reram.»-«F10rea»
1007 3513 1045 3565 est

92 3568 180 3631 noete,
204 3584 250 3633 par
267 3583 318 3622 une
342 3570 425 3637 figure
445 3569 548 3632 bardis,
582 3569 636 3633 regi
649 3566 891 3632 parma-udentia.-

13 3672 156 3776 s*
