2324 3960
159 172 201 217 180

513 164 604 214 SrllNT
621 161 744 215 OltlENT.

292 376 331 424 ΙΙ.
346 371 427 424 meu
444 379 519 423 veut
534 376 602 422 esre
619 375 700 435 pape
716 373 757 421 de
773 385 826 421 ees
842 372 997 424 blenlnlt·
1012 386 1074 438 pror

558 442 653 485 notre
668 448 795 486 amour.

249 606 356 671 Affect'u
369 613 427 691 loto
441 606 604 680 Dominum,
617 606 737 690 totisque
751 605 892 683 medullis,

289 690 379 769 Atque
388 696 468 749 tuum
479 696 537 750 teto
547 687 631 770 dilige
643 687 727 749 corde
741 685 840 749 lleurn.

250 767 284 830 Et
295 767 368 829 recte
380 790 388 840 ;
402 767 469 850 quid
483 769 558 830 enim
611 768 676 830 teris
690 774 721 828 tu
732 766 835 848 justius
847 784 972 850 unquam

288 847 654 912 Obstrictustantissoverc
668 845 854 910 muneribus?
1069 863 1102 912 iu

249 925 302 998 Qui
316 927 376 1006 tibi,
389 947 476 1010 quum
485 928 569 990 limus
581 932 690 991 terrent
702 927 731 989 in
744 927 812 989 lece
822 927 939 1008 jaceres,

288 1007 413 1090 [tempsit
428 1009 552 1091 perpetui
567 1008 700 1091 temporis
715 1005 919 1085 esselutum13

249 1084 302 1157 Qui
316 1087 376 1161 tibi,
391 1087 466 1170 quod
480 1088 613 1151 membris
626 1095 734 1151 constes
742 1132 751 1162 ,
767 1085 842 1169 qudd
862 1091 957 1148 mente
970 1086 1100 1161 moreris,

289 1166 369 1240 Qudd
381 1168 477 1251 lingue
486 1169 620 1251 loqueris,
632 1166 706 1249 qnod
717 1167 823 1228 ratione
837 1165 920 1248 sepis,

249 1244 330 1320 Qudd
342 1249 470 1315 menibus
483 1249 586 1330 tangis,
601 1247 722 1330 graderis
735 1245 816 1328 pede,
832 1245 937 1309 lumine
950 1246 1040 1310 cernis
1049 1292 1058 1328 ,
1067 1262 1099 1309 le

288 1330 363 1391 Aure
373 1330 462 1404 audis,
477 1329 563 1393 sentis
577 1326 700 1400 neribus,
712 1344 760 1386 ore
771 1324 880 1406 probos,

249 1408 321 1470 Ante
333 1408 446 1491 aliquod
458 1410 600 1480 meritum,
615 1405 723 1489 proprie
736 1405 839 1489 pietate
851 1404 1001 1481 ministrat,

289 1486 417 1565 Corporis
429 1508 461 1549 ac
471 1488 571 1551 animes
585 1487 626 1549 sic
640 1489 721 1548 Peter
733 1491 766 1544 nt
776 1482 912 1545 Dominus
924 1505 931 1543 ε

249 1565 284 1626 Et
297 1583 354 1625 nen
369 1566 422 1626 hoc
433 1568 492 1628 solo
507 1575 654 1629 contentus
665 1583 789 1637 munere,
806 1568 902 1644 quote

289 1643 419 1705 instruxit
431 1646 575 1718 membris,
591 1646 718 1707 sensibus
729 1642 858 1717 excoluit,
1069 1659 1102 1706 50

250 1721 303 1793 Qui
318 1721 413 1783 tribuit
426 1722 523 1796 vitem,
537 1724 653 1806 largitur
665 1724 811 1785 commode
824 1723 899 1798 vite,
941 1793 948 1806 ,

289 1801 425 1864 Omnibus
439 1808 469 1863 ut
482 1801 533 1864 tibi
547 1802 583 1865 sit
596 1800 710 1885 predita
725 1800 842 1864 deliciis.

248 1984 319 2052 Ecce
330 1984 379 2047 tibi
389 1985 490 2048 coelum
504 1984 616 2069 pendet,
630 1983 680 2047 tihi
694 1991 766 2046 terra
777 1982 893 2060 recedit,

289 2067 360 2128 Aere
372 2066 517 2136 librentur,
530 2066 645 2129 fluctuat
654 2064 793 2140 Oceanus,

249 2145 382 2209 Noctibus
392 2155 474 2229 etque
487 2147 546 2209 dies
559 2144 721 2227 succedunt,
735 2143 878 2208 mensibus
892 2145 968 2219 unni,
1083 2158 1095 2199 ⁵

291 2227 339 2289 Sol
353 2228 491 2310 splendet,
504 2228 598 2290 lucent
611 2225 711 2302 sidere,
728 2224 793 2287 luna
806 2224 900 2289 rubet.

249 2307 302 2370 Ver
315 2308 404 2370 varios
418 2307 551 2370 blandum
583 2306 704 2369 eriundit
714 2306 839 2389 germine
850 2304 953 2377 llores;

288 2387 380 2448 AEstes
391 2389 471 2468 jam¹
485 2328 596 2468 graeile
610 2386 745 2449 fructibus
758 2405 820 2449 urna
835 2405 868 2447 co
888 2385 951 2461 uit3

248 2466 406 2526 Autumnus
419 2473 510 2526 musto
523 2464 660 2539 medidus,
675 2466 844 2549 prrepinguis
859 2404 929 2527 oliet
942 2466 999 2531 eslt

289 2542 399 2625 ignibus
411 2543 529 2605 admotis
538 2544 639 2626 frigore
651 2547 738 2607 nescit
749 2546 850 2609 hiems,
1063 2554 1097 2598 ⁶0

251 2623 387 2686 Imbribus
400 2623 524 2684 arcendis
537 2624 684 2686 confirmes
696 2627 816 2708 pendula
830 2632 919 2694 tect23

291 2703 404 2786 ignores
415 2709 512 2764 ventos
523 2703 629 2765 aedibus
641 2706 783 2788 oppositis,

250 2783 326 2845 llirte
347 2803 382 2844 ue
394 2783 522 2864 lanigerae
536 2783 683 2866 depectens
696 2796 772 2869 terge
784 2783 902 2847 bidentis

291 2804 419 2924 Mollibus
432 2862 579 2925 involucris
594 2865 683 2947 algida
696 2864 821 2928 membra
834 2863 914 2945 tegis.

250 2941 335 3004 Lenia
350 2961 403 3004 nec
414 2942 513 3005 desunt
526 2944 600 3006 nivei
613 2946 749 3007 velamine
759 2944 821 3020 lini,
1065 2955 1098 3000 65

292 3022 365 3085 Sunt
377 3023 461 3087 etiem
470 3023 528 3086 eois
538 3024 619 3106 pallia
633 3025 797 3088 velleribus:
845 3038 848 3043 ·

187 3238 391 3290 'construisezr
409 3240 482 3300 «Qui
502 3239 612 3306 dempsit
645 3240 703 3291 l'tte
723 3248 756 3287 en
777 3221 926 3298 printempe.
949 3225 968 3277 ll
997 3224 1097 3288 signino

153 3302 205 3375 tibi
219 3315 272 3353 esse
292 3303 377 3354 lutum
404 3305 519 3366 perpetui
545 3310 610 3356 tom·
641 3301 714 3414 logis,
733 3296 840 3347 meite.
858 3316 891 3329 ·-
913 3309 924 3335 ι
946 3287 1066 3338 ῦνᾶνίάῖι.
1085 3306 1097 3330 ¹

151 3378 229 3427 polis.
239 3384 250 3409 n

745 3364 783 3408 tes
810 3351 936 3404 chremens
968 3349 1098 3414 ellongent

183 3428 195 3457 ²
213 3447 225 3471 a
240 3426 297 3476 lem
315 3446 326 3472 o
346 3434 385 3478 est
399 3426 431 3477 ici
448 3428 556 3478 edverbe
574 3428 606 3479 de
641 3426 746 3477 souvent
758 3419 796 3470 les
808 3413 916 3480 spllebes
930 3414 1021 3467 breues
1039 3413 1097 3477 ple·

151 3493 234 3554 temps
244 3497 384 3555 etmerque
394 3490 564 3543 lesucceseion
574 3491 605 3541 de
640 3488 697 3543 edes
713 3484 730 3537 t
747 3480 880 3534 recente.
