2324 3960
473 146 630 211 sentimus.
989 166 1032 215 seq

67 314 72 319 .
181 249 336 328 Proderit¹,
353 259 381 316 et
394 253 489 317 multis
502 256 609 317 animas
623 254 753 317 damnare
766 254 922 320 metallis¹t
995 328 998 333 ¹

181 334 287 396 Parcite
300 332 423 417 pulverei
436 334 593 416 squalentia
605 336 701 429 jugera
712 334 814 419 campi,

180 413 216 476 Et
228 416 336 476 steriles
349 413 473 476 habitare
487 414 590 498 plagas,
606 415 654 477 ubr
689 416 784 498 ignere
797 416 920 479 sinotum

180 494 264 556 Arida
278 494 365 557 neseit
378 493 481 557 humus
492 517 499 556 ε
515 514 568 557 neo
581 494 616 557 de
629 436 727 558 tellure
740 500 856 559 eruenta

181 573 275 637 livida
288 572 438 647 mortiferis
447 573 552 637 vellatis
563 574 653 637 toxioa
667 576 768 650 suoeis,

109 696 113 703 -
182 654 321 716 Tartareis
334 653 461 717 minnota
475 653 559 729 oibis;
571 654 620 717 sed
633 660 760 719 amoene³
774 656 858 718 vireta

183 732 345 797 Florenttlm
356 754 466 819 semper
478 754 636 808 nemorum,
649 736 783 818 sedesque
796 736 890 799 beatas

184 813 238 876 Per
250 812 346 877 latices
359 815 460 877 intrate
472 814 543 897 pios,
556 815 605 877 ubi
619 816 725 877 semina
736 822 800 879 vitae
905 884 908 889 ,

184 892 290 957 Divinis
300 895 457 957 animantur
469 893 559 976 equis,
571 902 599 956 et
610 894 686 957 lonte
698 915 818 975 superno

185 973 334 1036 Ltetilioata
351 995 431 1056 seges
445 974 532 1057 spinis
543 974 692 1037 mundatur
702 974 856 1058 ademptis:

185 1054 222 1114 Ut
234 1054 333 1116 messis
344 1065 427 1136 queat
440 1074 500 1117 esse
514 1052 576 1129 nei,
587 1055 671 1117 merei
726 1074 741 1117 e
759 1056 878 1118 future*

187 1134 305 1197 lllaxima
319 1142 468 1197 centenum
482 1135 625 1198 cumulare
633 1154 685 1219 per
717 1155 795 1198 orrea
809 1135 959 1197 fruetum⁸.

227 1320 411 1414 Omnipotens
425 1328 528 1385 eterne
541 1320 628 1394 Dens,
642 1338 706 1401 epes
721 1318 803 1382 uniea
818 1319 926 1395 mundi,

188 1402 243 1476 Qui
256 1402 318 1465 eoeh
332 1402 477 1465 fabricator
488 1402 564 1474 ades,
578 1401 626 1483 qui
640 1399 765 1461 conditor
778 1398 864 1473 orbis,

189 1482 243 1555 Qui
257 1483 341 1545 maris
355 1481 506 1544 undisonas
518 1481 606 1541 lluetu
618 1486 749 1571 surgente
762 1479 896 1562 proeellas
1010 1496 1041 1543 to

189 1562 314 1645 Mergere
327 1562 425 1623 vicine
439 1558 569 1641 prohibes
580 1558 700 1621 eonfinra
712 1567 803 1632 terrae,

190 1642 244 1714 Oui
255 1641 343 1703 solem
351 1640 445 1713 radiis,
454 1646 483 1700 et
491 1638 587 1701 lunam
596 1639 725 1702 oornibus
739 1639 850 1722 imples,

190 1721 278 1812 lnque
289 1720 363 1780 diem
377 1739 410 1782 ae
420 1726 532 1803 neotum
544 1719 640 1782 lumen
653 1719 758 1783 metiris
774 1727 934 1802 utrumqne,

191 1802 245 1872 Qui
256 1798 346 1862 stelles
359 1818 499 1875 numeras,
508 1818 629 1883 quarum
641 1807 672 1862 tu
688 1799 802 1863 nomina
814 1800 902 1874 solus,

191 1881 290 1962 Signa,
305 1886 464 1963 potestates,
476 1900 585 1956 eumue,
598 1881 670 1960 looa,
683 1886 807 1961 tempora
821 1878 894 1941 nosti
909 1900 917 1939 ε

112 1936 125 2049 l
191 1959 245 2031 Oui
262 1960 369 2022 diverse
381 1980 482 2023 novam
493 1960 618 2022 formasti
632 1960 661 2021 in
674 1978 789 2041 corpore
799 1965 914 2035 terram.

192 2040 379 2124 'torpentique
389 2040 450 2102 solo
460 2039 581 2103 viventia
593 2039 718 2100 membra
733 2037 849 2110 dedisti;

100 2138 103 2143 ·
194 2123 249 2196 Qui
262 2127 424 2204 pereuntem
433 2118 662 2183 hominemvetiti
674 2116 819 2180 duloedine
831 2116 907 2199 pomi

136 2371 327 2425 ¹Gonetruisez:
340 2386 352 2413 ι
364 2366 431 2427 Quid
444 2361 557 2429 proderit
626 2358 750 2412 ’enoris
770 2358 888 2411 metallis.
900 2377 911 2404 ι
924 2358 957 2409 Le
974 2357 1047 2423 poeta

102 2436 211 2488 lenaeoli
234 2429 364 2493 rolanise(
398 2426 558 2491 urvaprota·
595 2421 1049 2498 eomparelesedorateureqlesmuet-

102 2496 201 2563 niele)
266 2494 333 2546 datii
352 2443 480 2555 siromploie
497 2489 557 2541 bien
596 2494 634 2539 tes
655 2486 733 2537 rooles
752 2486 796 2537 des
813 2485 876 2559 lanx
901 2484 979 2535 drenx
996 2496 1047 2535 aux

103 2574 164 2612 aveo
172 2561 280 2611 eertains
292 2557 382 2607 verbes
394 2553 484 2665 pensile
495 2553 558 2602 dens
597 2550 767 2601 malheurenx
775 2563 820 2613 qur
829 2555 886 2599 sont
895 2546 1049 2598 oondamnts

102 2625 126 2676 le
135 2624 218 2673 meme
226 2634 283 2672 sens
293 2632 342 2683 que
351 2618 401 2669 l'ab
410 2616 523 2667 etilevee
531 2615 557 2665 u.
598 2626 649 2663 eux
662 2612 754 2663 mines.

102 2687 137 2737 Ge
150 2691 207 2735 tour
214 2691 253 2735 est
264 2684 382 2744 frequent
391 2693 423 2729 en
433 2678 525 2742 poesie,
533 2682 559 2726 et
631 2673 725 2724 ⁸‹Sed
743 2685 850 2734 amnena,
869 2677 917 2721 eto.
936 2670 983 2721 Ces
993 2682 1051 2718 vere

102 2761 129 2799 oe
141 2755 231 2798 trouve
244 2749 352 2796 souvent
362 2743 426 2792 dans
440 2739 560 2791 sedulius
599 2742 656 2788 sont
676 2750 725 2786 nne
744 2734 870 2786 imitation
890 2732 921 2782 de
938 2746 1002 2783 ceux
1019 2731 1050 2781 de

102 2817 129 2862 et
140 2810 203 2860 dens
213 2809 350 2859 Iuvencus.
577 2799 705 2863 'Virgilq
716 2798 932 2861 retineretis:

250 2904 348 2976 neverim
367 2934 419 2972 loeoe
434 2933 487 2970 letos
502 2936 609 2970 etenum
625 2930 684 2969 virete

252 2986 402 3027 Furtnnvtorum
416 2979 634 3029 mmmmm-que
650 2979 720 3017 benten
746 3014 749 3019 ,

106 3125 142 3176 Le
162 3124 235 3190 poete
253 3121 349 3188 Justilie
370 3130 416 3169 son
439 3118 560 3180 emprunt
598 3114 670 3166 n'ont
677 3111 787 3165 d’antres
797 3112 897 3179 plaisirs
906 3116 933 3163 et
943 3108 1054 3160 d’eutree

124 3202 153 3238 ar
172 3187 314 3237 l'lntantion
334 3195 395 3233 avec
415 3178 522 3242 laquelle
540 3176 559 3235 il
600 3184 771 3235 amusemente
788 3190 838 3241 que
856 3187 921 3227 ceux
938 3173 970 3222 tle
988 3174 1054 3220 cette

106 3200 141 3298 l'a
156 3248 269 3312 lait3ile
284 3245 361 3297 voulu
380 3255 491 3316 pronver
510 3251 560 3311 que
599 3239 649 3290 vie·
761 3301 766 3312 Ι

108 3303 561 3380 eesbeanxverss’appquuaientbron
633 3302 668 3347 *ι
690 3302 781 3353 Meiere
801 3300 904 3362 futurae,
928 3294 1055 3346 nicom·

110 3370 197 3420 mieux
208 3385 239 3422 eu
258 3371 357 3437 paradis
368 3370 412 3418 des
425 3367 561 3426 ehretiens,
601 3378 678 3430 pense
690 3365 784 3415 future.

110 3431 204 3494 qu’aux
226 3433 349 3498 Ghemps-
358 3431 460 3494 Elvsees
475 3438 563 3478 mono·
634 3428 646 3459 ⁸
662 3426 774 3478 Allusion
784 3426 800 3474 e
811 3420 964 3494 lapurabole
976 3418 1019 3469 des
1028 3428 1055 3464 se

109 3496 224 3548 tenesne
233 3498 303 3560 poete
314 3488 565 3563 paien‚oulesheros
603 3490 879 3554 menoes;vove'rsa1nt
887 3482 1057 3548 Luo,eh.vnr.

921 3632 966 3703 to

1088 3692 1154 3936 i
