2324 3960
504 195 678 247 LACTANCE.

206 300 241 360 Et
253 317 299 359 me
311 316 512 379 nonnunquam
525 297 622 358 devoto
636 297 664 357 in
678 296 771 369 corde,
786 314 921 376 meosque

206 379 258 439 l'er
272 377 402 439 monitus.
419 376 530 439 Sectare
544 397 614 438 mero
627 377 743 457 vesligia
755 375 836 449 vitm;

205 457 214 516 l
236 478 321 539 saque
335 458 468 539 supplicia
483 458 643 540 inspiciens,
658 466 832 535 mortemque
847 474 973 515 severam

205 478 342 620 dbrporis,
356 537 518 599 innumeros
531 557 688 598 memorans
701 536 841 616 animique
856 534 976 608 dolores,
1026 538 1059 582 ⁵⁵

206 617 285 678 Disce
299 617 411 678 adversa
426 618 491 699 pati,
507 626 535 678 et
548 616 664 699 proprian
678 615 820 693 invigilare
831 614 922 675 saluti.

206 696 269 758 Haec
284 705 464 759 monumenta
479 697 529 758 tibi
543 696 690 778 siquando
705 696 733 756 in
748 703 841 755 mente
851 695 956 776 juvabit

205 775 327 849 Vulnere,
343 779 365 838 si
378 798 432 858 qua
446 777 515 837 fides
530 775 622 836 animo
639 776 687 837 tibi
702 775 772 836 ferre
786 781 807 847 ¹,
822 794 949 836 meorum

206 856 300 918 Debita
314 857 337 917 si
352 857 439 939 pietas
452 864 481 917 et
494 856 599 937 gratia²
613 856 696 946 digna
711 855 835 916 laborum

204 934 315 1017 Surget,
328 944 411 997 erunt
423 955 494 996 uerae
506 936 609 997 stimuli
624 935 742 1009 virtutiS,
756 943 892 1015 eruntque

205 1015 297 1077 Hostis
309 1017 339 1076 in
354 1014 466 1076 insidias
479 1015 575 1098 clypei,
588 1015 690 1097 quibus
701 1036 763 1076 acer
777 1017 806 1074 ln
821 1015 897 1075 omni

205 1095 291 1156 Tutus
306 1095 361 1157 eris
374 1095 513 1177 victorque
527 1096 598 1156 feres
612 1096 761 1156 certamine
774 1095 905 1175 palmam,

205 1175 271 1236 Haec
284 1183 462 1236 monumenta
477 1183 540 1257 tuos
554 1175 577 1236 si
592 1175 681 1236 labilis
695 1175 769 1236 orbis
783 1174 887 1234 amicos

205 1257 336 1315 Avertent
349 1274 445 1316 sensus
457 1260 467 1293 ³
480 1254 602 1336 fugiente
614 1255 723 1316 decoris
736 1254 769 1314 ab
783 1253 881 1314 umbrt

205 1334 336 1395 blandani
345 1340 368 1411 ⁴,
381 1335 512 1409 efficient,
526 1355 563 1396 ne
574 1355 624 1473 spe
636 1343 758 1416 captatus
770 1333 845 1393 inani

203 1413 312 1475 Mobilis
325 1414 447 1476 occiduis
459 1415 576 1476 fortunae
601 1413 675 1475 idere
688 1413 770 1474 rebus

203 1492 324 1572 Anseris,
338 1503 387 1556 aut
397 1496 460 1556 vitae
475 1513 584 1575 sperare
597 1493 739 1575 fugacibus
753 1493 845 1555 annis.

205 1572 262 1634 Sed
275 1586 300 1635 te
315 1574 445 1635 nimirum
460 1575 501 1634 sic
513 1574 563 1635 ista
576 1574 678 1636 caduca
689 1573 829 1634 videntem

204 1652 322 1731 Secula,
336 1663 501 1726 meantum,
516 1655 610 1736 patriae
624 1654 745 1715 melioris
759 1673 862 1725 amore,

206 1731 284 1795 Orbis
298 1754 364 1816 opes
375 1736 385 1769 ⁵
398 1754 546 1816 rerumque
558 1755 625 1795 usus
635 1740 656 1807 ⁸,
670 1743 698 1795 et
712 1748 773 1794 vota
788 1735 896 1815 piorum

207 1811 326 1874 lloribus
341 1814 472 1876 extollent
483 1815 567 1875 sacris
577 1820 599 1886 ⁷,
614 1815 730 1896 vitatque
743 1813 830 1874 beatae

209 1889 273 1974 Spe,
286 1894 368 1955 duras
382 1896 452 1955 inter
464 1914 570 1976 poenaS,
584 1902 610 1955 te
625 1914 686 1955 rore
700 1894 833 1955 fovebunt

208 1971 326 2046 Coelesti,
340 1975 468 2057 pactique
481 1975 547 2035 boni
560 1974 706 2036 dulcedine
721 1983 845 2056 pascent,

205 2051 377 2134 Purpuream
390 2057 490 2131 donec,
504 2062 565 2137 post
577 2052 673 2114 ultima
686 2056 738 2113 l'ata
752 2052 847 2113 relicto

204 2131 333 2213 Corpore,
347 2134 476 2195 sublimes
491 2134 612 2195 animam
626 2132 763 2194 revocabit
777 2132 810 2192 ad
824 2153 914 2193 auras.

205 2209 295 2273 Gratia
309 2233 408 2294 magna
421 2214 482 2275 tibi.
497 2215 574 2273 Tunc
588 2233 699 2272 omnem
713 2211 809 2270 cnuto8
823 2210 955 2284 laborem,

203 2291 350 2373 Angelicos
361 2303 429 2355 tunc
441 2295 500 2353 laeta
512 2292 620 2362 choros,
635 2291 764 2368 aciesque
774 2288 868 2350 beatas

205 2368 371 2433 Sanctorum
385 2372 543 2455 inspiciens,
558 2380 666 2433 aeternae
680 2368 756 2452 pacis
768 2373 878 2431 amoena

204 2449 340 2534 Perpetuo
352 2453 416 2515 felix
431 2473 540 2515 mecum
553 2451 678 2534 regnabit
689 2451 717 2511 in
729 2450 800 2510 auld.
1024 2459 1056 2505 ru

137 2596 274 2649 ‘annium
291 2600 354 2651 serre
366 2603 497 2664 (sous-ent.
518 2603 569 2651 baec
593 2606 670 2664 ayant
690 2599 795 2650 renonce
814 2614 862 2650 aux
882 2602 1003 2655 richesses
1021 2604 1056 2653 du

105 2668 289 2724 monumento),
304 2682 315 2706 r
331 2674 420 2726 ponor,
431 2665 519 2726 garder
529 2680 569 2714 cos
592 2666 691 2714 aronae.

104 2726 242 2774 sonvcuirs.
624 2727 770 2775 tollerem
794 2741 864 2784 usus,
886 2727 1009 2790 »l'usagc
1031 2730 1055 2778 la

136 2814 148 2844 ς
162 2832 174 2859 ι
187 2815 280 2875 Gratia,
293 2838 305 2862 „
320 2817 535 2866 reconnaqssanoe·
590 2791 730 2900 quiessancc
740 2789 784 2837 des
794 2790 863 2838 biens
873 2789 931 2851 (que
941 2790 989 2841 l'on
999 2805 1056 2854 pos.

592 2867 603 2901 ὓ
612 2866 618 2882 ,

137 2913 148 2942 ³
168 2931 181 2956 α
193 2914 260 2963 Tuos
280 2914 362 2963 labilis
386 2911 452 2962 orbis
475 2915 568 2962 amicos
627 2913 636 2941 ⁷
652 2912 734 2960 «Vota
745 2915 868 2973 piorum»
882 2914 1007 2973 losvoenr,
1022 2915 1057 2965 les

104 2986 203 3032 sensus,
215 2997 227 3021 a
238 2981 274 3026 tes
288 2991 344 3026 sens
360 2979 401 3037 qui
418 2975 569 3025 s’atlachent
592 2974 671 3024 desire
682 2975 726 3023 des
735 2977 803 3024 dures
816 2978 922 3036 pienscs,
940 2981 981 3038 qui
995 2991 1057 3025 con-

103 3038 117 3083 a
132 3049 166 3084 nn
178 3040 269 3087 mondo
281 3039 375 3100 lraglle.
592 3039 710 3084 viennent
721 3050 771 3084 aux
784 3039 852 3085 arnas
871 3039 976 3098 picusos.
994 3040 1059 3087 Con-

135 3123 147 3154 ⁴
164 3124 307 3187 «Fugienle
325 3126 420 3175 decoris
432 3125 463 3173 ab
476 3124 567 3174 umbra
593 3102 714 3170 slsum?
730 3116 742 3142 ⁴*
755 3106 780 3148 stt
792 3106 850 3172 l⁰l²¹
862 3105 960 3172 plorum
974 3102 1057 3149 ‘'dwl'

102 3188 227 3235 mundam
241 3205 252 3231 ‚
264 3192 302 3237 est
313 3189 335 3237 le
346 3186 512 3248 &numeralem
529 3191 567 3236 m„
593 3161 763 3210 lontmonbus
773 3163 1056 3221 sacristevrdenlern...,

101 3248 181 3297 direct
193 3250 227 3297 du
239 3252 311 3300 rerba
324 3255 445 3299 avertent.
593 3230 616 3272 ¹0
624 3229 745 3316 albulum,
760 3243 772 3266 ”
786 3231 832 3273 ⁸10·
856 3299 861 3309 Ι
1041 3286 1045 3295 ¹

647 3285 784 3345 aldulmo
804 3284 984 3334 sous-entendu
1000 3298 1057 3331 orre-

134 3349 173 3390 c,
187 3347 298 3396 Erulum
320 3350 385 3397 orbis
406 3362 471 3411 opes,
484 3369 496 3393 u
518 3348 566 3396 de-
591 3362 636 3397 ano
657 3351 700 3409 qni
719 3361 745 3398 so
764 3354 850 3397 lrcuro
877 3347 939 3393 daris
959 3346 981 3394 lc
1003 3359 1060 3395 rere

100 3408 250 3473 poullle'dee
266 3411 384 3462 riclrcssrs
402 3412 435 3461 du
456 3411 565 3470 mondo,
592 3410 730 3473 precedent.

477 3561 612 3577 ...κ-
