2324 3960
468 179 690 241 Tunoovteun.
841 160 844 165 ’
939 148 949 165 ’
1008 192 1055 241 aas

201 289 262 372 lpse
275 291 358 354 Ιίοὸὶ1
373 291 469 353 sedeas
478 291 597 372 gemmis
612 296 725 352 ornatus
737 295 765 351 et
778 297 865 366 ostro,
1019 304 1052 352 ⁸5

241 371 307 432 Post
318 372 407 433 earnis
420 371 548 452 putridus
566 379 689 451 tempora
702 369 792 452 pulvis
804 371 869 433 eris.

201 448 305 530 Corpus
319 452 394 513 enim
408 451 483 512 fulvo
498 451 571 532 quod
584 470 658 511 nuno
672 451 824 532 aecingitur
837 470 904 511 auro

241 530 261 592 S
281 532 385 592 uolenti
398 531 533 592 intectum
547 538 623 592 veste
634 539 775 613 premetur
793 531 890 592 humo.

202 552 281 680 Quod
295 612 402 683 mare²,
412 611 486 689 quod
497 620 585 681 terrae,
596 610 669 692 quod
683 618 711 671 et
722 618 866 692 aergestat
876 609 1026 683 edendum,

241 690 319 752 Eheu
333 694 339 750 t
354 690 512 752 sordidulus
526 698 590 781 post
604 689 675 750 einis
689 690 755 750 illud
771 693 833 752 erit.
1019 708 1054 754 9ο

201 769 346 852 Quemque
360 779 456 848 tegunt
467 770 547 831 celsis
562 770 686 849 laqueata
697 770 795 851 palatia
808 771 899 843 tectis

241 850 399 932 Parvaque³
412 849 589 930 conquereris
601 850 722 910 culmina
734 868 833 931 magna
843 851 919 922 satis,

201 928 317 992 Clausus
333 933 361 990 iu
378 935 494 1011 angustd
511 929 675 1011 modicique
689 929 827 991 teneberis
844 935 912 992 arnt

241 1009 348 1091 Vixque
362 1010 481 1071 domusr
491 1009 601 1071 tibimet
613 1030 726 1089 corpore
741 1004 828 1090 major
837 1010 899 1073 erit.

200 1087 283 1151 Plura
298 1090 364 1171 quid
379 1090 630 1151 enumeremtvisu
640 1090 715 1172 quod
728 1091 850 1152 cernitur
859 1098 971 1173 aptum,
1020 1107 1053 1153 os

241 1169 350 1230 Visibus
364 1170 493 1231 humanis
507 1169 580 1251 quod
594 1169 666 1231 favet
677 1179 760 1251 atque
772 1171 872 1262 piacet,

202 1251 270 1311 Post
281 1250 365 1310 vitam
378 1250 490 1328 vermis7
502 1257 564 1332 post
573 1269 697 1310 vermem
729 1250 799 1311 nivis
809 1249 931 1324 habehit,

241 1329 315 1392 Vooe
328 1329 459 1392 Tonantis
469 1335 479 1368 ⁵
490 1330 551 1403 erit,
568 1331 657 1412 qudm
668 1270 750 1403 redit,
766 1329 841 1392 unde
855 1330 940 1409 veuit.

200 1546 248 1597 IV.
264 1547 411 1595 (tonsetls
427 1560 486 1594 sur
505 1512 801 1594 l’admlmlstvatlrm¹
817 1547 858 1594 do
873 1547 909 1595 la
924 1545 1054 1627 lar-stite.

202 1713 314 1777 Disouto
328 1721 491 1776 cunctorum
503 1715 628 1797 vigilanti
640 1715 771 1797 indagine
786 1736 892 1790 oausaS,

241 1794 303 1866 Qut
316 1794 396 1856 finire
410 1815 495 1876 queas
510 1797 606 1858 ordine
620 1817 759 1878 quamque
771 1817 834 1858 suo.
1007 1813 1054 1862 roo

202 1875 256 1936 Has
265 1874 336 1936 bene
349 1875 424 1937 disee
439 1876 526 1957 prius,
538 1878 691 1957 quantdm⁶
705 1877 755 1937 has
769 1877 873 1938 discere
885 1877 980 1950 debes,

240 1954 293 2016 tob
305 1955 366 2034 (tibi
381 1955 582 2036 inexemplum
597 1955 678 2015 verba
693 1957 890 2036 paranturtait:

206 2034 340 2096 «Lumen
354 2054 430 2095 eram
443 2053 515 2093 oaeoo
526 2038 548 2105 ⁷,
561 2038 672 2113 gressus
686 2033 838 2095 moderatio
852 2034 960 2109 claudo,

241 2114 298 2175 Pau
320 2120 398 2184 eret,
414 2111 527 2171 invento
543 2131 589 2172 me
602 2118 689 2190 patre,
703 2118 780 2172 tutus
794 2120 862 2173 erat.

202 2135 364 2264 Queredam
386 2191 489 2267 ignotae
503 2188 589 2249 solers
602 2188 757 2250 sinuamina
773 2210 873 2265 causae,
920 2201 923 2206 '
1008 2211 1056 2258 ros

242 2271 309 2342 Quis
323 2277 446 2345 poteram
460 2266 570 2345 studiis,
584 2270 640 2348 qud
655 2268 724 2328 mihi
743 2277 808 2330 nota
821 2269 901 2332 foret.
915 2294 930 2330 n

202 2349 259 2410 Neo
276 2348 331 2409 oitd
345 2347 460 2407 festines
475 2347 507 2406 ad
523 2367 612 2407 causae
625 2347 738 2409 tendere
756 2347 854 2422 finem,

242 2427 299 2489 Neo
314 2428 388 2488 lento
398 2435 445 2487 aut
458 2426 577 2487 nimium
589 2429 598 2460 ⁸
614 2425 686 2488 hano
699 2428 768 2510 pede
781 2429 860 2490 volve
874 2430 965 2513 piger.

203 2509 259 2571 Neo
273 2510 380 2570 lentum
392 2514 495 2589 torpor,
508 2507 627 2569 celerem
640 2517 668 2569 te
680 2507 788 2570 nubilet
802 2529 886 2584 error,

137 2747 145 2776 a
168 2763 180 2791 a
194 2743 270 2803 Licet,
282 2761 294 2788 v
304 2718 423 2806 quoique,
433 2738 492 2789 bien
505 2753 563 2802 que.
592 2747 617 2791 te
626 2742 707 2804 platus
717 2741 795 2793 d’etre
805 2742 820 2792 a
829 2742 1053 2797 l'etroitdansuno

136 2807 148 2838 ⁹
165 2807 260 2865 «Quod
272 2819 351 2866 mare,
364 2812 423 2865 eto,
436 2821 447 2845 v
460 2810 517 2852 tous
529 2802 565 2852 les
592 2806 713 2854 demeare
724 2806 768 2867 qui
781 2812 820 2856 est
829 2807 970 2870 oependant
987 2810 1055 2860 tres·

104 2869 170 2920 dtres
182 2869 282 2916 vivants
290 2880 340 2929 que
353 2866 451 2926 tamer,
463 2865 487 2914 la
498 2871 564 2914 terre
592 2867 727 2929 spacieuse.

105 2937 130 2982 et
142 2930 199 2979 l’air
213 2928 378 2978 nourrissent.
625 2929 635 2958 ⁴
655 2948 666 2973 v
688 2929 786 3040 Vixque
805 2930 904 2987 domus.
921 2938 969 2982 eto.
980 2948 995 2980 u
1008 2934 1056 2985 La·

137 2993 148 3022 ⁵
167 2992 331 3052 «Parvaque,
344 2997 403 3048 ete,
417 3007 428 3032 v
442 2995 467 3038 et
477 2991 510 3038 toi
520 2990 564 3052 qui
592 2991 738 3052 martino,o
757 3005 771 3041 e
785 3005 829 3042 sur
842 2993 990 3058 Napoleon:

243 3152 259 3190 Il
270 3162 296 3191 ort
312 3152 337 3197 ld,
353 3163 396 3188 sous
413 3152 459 3189 troir
476 3164 509 3201 pus
523 3165 549 3191 uu
568 3154 635 3193 euram
645 3156 666 3192 re
682 3167 766 3195 mesura.

136 3305 149 3336 ³
163 3322 177 3353 u
189 3303 256 3355 Voce
268 3302 397 3365 Tonantis,
410 3309 468 3364 eto„
478 3321 492 3351 a
505 3305 566 3356 o’est
624 3307 805 3367 ⁰·Quantum.
816 3312 918 3376 »Voveo
926 3324 989 3376 page
997 3313 1053 3372 264,

102 3367 119 3416 d
138 3367 164 3417 la
183 3367 241 3417 voix
261 3371 296 3417 du
308 3367 500 3417 Tout-Puissant
516 3381 566 3431 que
594 3377 653 3420 note
668 3378 692 3420 t.

102 3428 224 3480 l'hommo
243 3429 335 3479 sortire
349 3429 380 3478 de
399 3443 515 3479 nouveau
534 3431 565 3481 de
626 3432 667 3477 ⁷«
687 3435 785 3484 Lumen
800 3449 871 3486 eram
890 3446 964 3499 carto,
976 3440 1051 3486 etc.»

103 3489 129 3561 la
179 3491 273 3546 assidue
295 3492 353 3546 d’ou
372 3491 391 3545 il
409 3505 425 3544 a
445 3493 485 3546 ott
507 3491 565 3559 (teja
592 3494 709 3563 Jobhoh.
728 3511 794 3556 xxix,
807 3512 832 3547 v.
851 3506 887 3547 ra.

104 3557 139 3603 tu·
156 3587 162 3605 .
623 3560 634 3593 ⁸
653 3575 664 3603 r
678 3557 800 3615 nimium.
813 3558 863 3610 ·v.
874 3573 900 3629 p.
910 3561 1003 3625 ttt,n.
1015 3563 1036 3613 t.
