2324 3960
100 118 146 167 sio
390 119 505 168 niuniu
524 119 563 166 un
578 106 765 166 odiriuuuux.

197 218 289 289 Quum
305 218 395 280 subito
409 226 472 280 ente
484 219 578 279 oculos
599 219 672 298 largit
688 219 814 279 mercede
823 217 961 301 benignus
976 217 987 261 ¹

198 299 319 375 Adstitit,
337 300 421 379 inque
432 319 483 359 suo
496 299 609 359 vestitus
617 319 736 379 paupere
748 297 874 358 Christus
1016 312 1049 358 90

200 379 311 459 llptavit
321 379 437 458 propriis
449 379 670 458 feliciutegminu
684 376 826 438 memhris.

198 457 221 519 Ο
236 461 299 520 vere
311 460 430 540 pretiosa
444 459 585 539 chlornp’sl
604 459 671 538 quid
686 458 739 518 tole
757 458 800 518 vel
813 466 888 518 ostro

194 537 244 599 Vel
254 538 336 603 ducto
349 539 378 601 in
391 539 471 600 silum
480 541 572 619 pensis
583 538 755 599 rutilantibus
770 557 848 615 auro,

196 619 322 699 lnsigues
337 638 462 680 meruere
475 618 605 679 habitus?
616 618 683 699 quid
695 618 780 679 serico
796 625 869 679 tactu

197 698 297 771 Laevia,
314 699 450 761 voldoctd
468 698 604 779 expressis
616 699 734 761 viventia
747 697 855 779 signis?
1016 715 1049 759 95

198 778 404 840 llleliomiuum
419 788 553 870 terraeque
564 778 648 850 Deus,
660 779 803 858 pontique,
821 774 942 860 polique,

197 859 300 920 Omnia
332 860 360 920 ui
371 858 474 931 tribuit,
494 880 553 921 sine
567 880 622 940 quo
637 858 724 927 nihil‚'
734 858 847 938 ipsaque
860 859 939 937 cujus

196 937 265 1009 Quae
275 879 411 1012 dedimus,
427 941 468 1000 vel
481 939 527 1020 qui
540 939 677 1010 dedimus,
690 938 861 1018 donumque,
873 938 1018 1020 datorque,

197 1017 255 1079 Huc
264 1038 316 1100 ope
331 1019 443 1093 ditatur,
458 1028 585 1080 numeret
594 1020 617 1080 si
630 1022 703 1079 lucra
715 1018 819 1078 salutis.

197 1097 255 1159 Nec
267 1107 360 1161 temen
372 1097 438 1159 hino
452 1100 549 1160 saltem
563 1100 689 1160 stabilem
700 1098 830 1179 jactantie
843 1108 966 1159 mentem
1001 1115 1051 1160 roo

198 1177 337 1252 Concutit,
353 1187 512 1243 autranum
526 1180 661 1261 persensit
671 1178 754 1239 eorde
772 1186 919 1240 tumorem.

197 1256 220 1318 0
234 1259 321 1321 virtus
334 1258 450 1340 pretiosa
463 1258 530 1331 Deo,
541 1259 582 1320 nil
597 1259 696 1320 ducere
707 1258 781 1319 laudi

198 1337 289 1409 Quum
303 1339 439 1402 laudanda
453 1359 542 1421 geras,
556 1360 609 1400 nec
619 1348 712 1399 nostro
722 1338 877 1400 adscribere
889 1338 960 1398 facto

197 1416 408 1492 operuimus,
425 1429 578 1502 cunctoque
589 1419 678 1481 Deum
693 1419 829 1480 laudarier
840 1420 916 1480 actu!

244 1634 282 1682 n.
300 1634 740 1683 Invocatlon.Sulnt1t1urtln
765 1632 941 1681 ressuscita
958 1645 1004 1678 nn

508 1696 749 1744 catechumene.

198 1863 249 1926 Hic
262 1862 345 1927 modd
357 1863 380 1924 si
393 1871 518 1925 veterum
537 1862 690 1930 recolamus
704 1864 824 1925 carmina
839 1870 943 1924 vatum
1003 1878 1051 1922 roo

198 1943 390 2016 Quumsuhitd
402 1943 532 2005 attonitos
547 1950 690 2026 quaterent
701 1944 833 2005 miracula
847 1961 955 2013 sensus,

197 2025 333 2086 clamaret
347 2024 479 2085 miserum
490 2044 584 2085 vecors
599 2024 703 2085 insanio
719 2025 729 2058 ²
742 2024 890 2097 Phoebum,

197 2104 255 2167 Nec
269 2105 370 2166 sineret
379 2104 459 2166 salsus
474 2105 571 2168 saltem
586 2105 757 2185 requiescere
767 2104 870 2175 Musas,

199 2184 330 2268 Delphice
346 2187 356 2220 ⁸
369 2186 483 2249 mentito
496 2185 807 2268 quaterenturllpolline
820 2182 931 2267 templa,
990 2210 993 2215 ·

200 2265 359 2350 Cunctaque
368 2266 513 2328 surdarum
528 2274 667 2347 raperetur
681 2265 760 2325 turha
771 2285 909 2336 sororum,
1001 2283 1052 2328 tro

200 2345 315 2408 orcita*
331 2347 356 2407 vi
371 2356 460 2408 totum
471 2347 640 2428 complerent
655 2354 775 2404 monstro
790 2343 921 2405 furorem.

199 2424 267 2495 Nos,
284 2425 383 2505 quibus
397 2448 412 2487 a
427 2426 534 2488 Christo
547 2445 646 2487 sensus
660 2425 703 2485 vel
717 2424 799 2485 verba
811 2430 950 2505 petuntur,

200 2502 370 2573 christicola,
386 2505 503 2594 inspires
517 2506 640 2586 paulum,
657 2504 782 2585 Mutine,
800 2523 951 2585 precamur,

200 2581 242 2642 Tu
256 2583 303 2662 qui
318 2583 454 2644 delunctrs
469 2585 578 2665 potuisti
591 2584 704 2645 reddere
719 2585 811 2655 vitam,

199 2661 309 2723 Auxilio
322 2662 434 2723 Domini
448 2663 544 2734 soltus,
561 2664 631 2724 mihi
646 2664 730 2726 redde
745 2663 891 2725 salutent
998 2681 1025 2724 rr
1038 2683 1051 2724 s

201 2744 312 2803 Primus
325 2762 377 2825 ego
392 2748 402 2780 ⁰
415 2743 529 2805 indultae
538 2743 637 2804 facium
652 2743 783 2805 miracula
799 2740 871 2802 ritae.

137 2957 144 2986 ¹
162 2956 267 3019 «Largo
277 2956 393 3007 mercede
403 2957 534 3021 benignus.
547 2975 558 3001 u
600 2959 706 3007 retentir
718 2959 742 3006 le
752 2956 845 3019 temple
855 2955 886 3004 de
895 2955 1005 3017 Delphos
1022 2955 1054 3003 du

103 3019 167 3069 celui
180 3017 223 3081 qui
234 3018 329 3081 signule
344 3033 370 3067 sa
380 3020 455 3069 boote
472 3034 517 3083 pur
530 3020 560 3069 de
600 3033 659 3068 nom
673 3021 703 3068 dc
713 3021 769 3069 leur
781 3018 887 3080 Apollon
898 3025 1024 3066 menteur.

103 3095 131 3136 m
164 3079 274 3142 nillquos
285 3081 467 3143 recompenses.
632 3082 642 3110 ⁴
657 3101 668 3125 o
681 3083 775 3144 Excita,
787 3088 870 3140 etos»
880 3094 922 3129 ees
931 3088 1057 3129 monstres

162 3142 313 3193 «Clamaret
331 3144 454 3193 miserum
474 3156 562 3192 vecorr
601 3143 710 3204 cerinum
727 3142 764 3192 les
775 3143 936 3205 rempissent
948 3149 1003 3195 tout
1014 3155 1057 3190 en-

105 3204 215 3262 iusattie.
230 3210 288 3261 etc..
300 3223 311 3248 o
325 3204 381 3254 leur
397 3205 456 3255 lollo
468 3207 561 3255 ivrosse
600 3205 660 3254 tiers
671 3205 731 3253 d'un
743 3206 871 3268 t'ougueur
884 3205 975 3255 delire·

104 3267 288 3332 invoqueroitt
300 3267 393 3330 grands
404 3268 462 3329 cris,
474 3268 506 3316 ils
523 3272 560 3316 ln·
633 3267 836 3329 listlutemple
845 3267 955 3331 solutlde
964 3266 1056 3325 l'tme).

105 3331 269 3396 voqueraient
289 3330 407 3394 &grands
428 3330 477 3378 cris
499 3330 561 3378 dens
632 3330 643 3358 θ
658 3329 782 3378 «Primus
795 3342 851 3391 ogo,
865 3348 875 3372 o
892 3339 950 3389 etc,
965 3331 986 3378 le
1004 3343 1060 3391 pre-

106 3392 161 3454 leur
182 3394 240 3443 tolle
261 3394 354 3443 ivrcsse
378 3392 400 3441 le
427 3391 560 3441 misdrable
602 3391 790 3451 miorj'otl'rirai
804 3391 1059 3453 l'vxernplorniracu·

105 3456 214 3507 rhenus.
601 3454 660 3503 lcux
670 3453 747 3501 d’uuo
756 3452 795 3502 vie
805 3453 921 3502 racliette
930 3467 975 3517 par
985 3453 1019 3504 toi
1029 3452 1060 3501 de

137 3518 148 3549 ⁸
163 3538 174 3563 «
188 3518 381 3583 Delphica,etc.,
392 3535 404 3561 ι
416 3516 446 3566 ils
455 3514 563 3567 sererent
600 3529 639 3565 ses
649 3514 749 3578 peones.

199 3762 567 3903 „uo
