2324 3960
128 182 174 225 dit
408 173 503 222 SAINT
519 172 648 222 Tflouus
664 172 804 229 D'AQUIN.

289 272 391 333 Dicens
407 294 414 329 ε
430 270 551 352 Accipite
567 270 640 351 quod
656 269 733 330 trudo
749 269 921 345 vasculum

392 350 496 412 Omnes
511 371 545 411 ex
557 370 590 409 co
602 349 698 409 bibite.

291 509 339 571 Sic
352 507 517 569 sacrificium
532 507 606 569 istud
619 508 748 582 instituit,

292 589 379 667 Cujus
392 588 516 649 odicium
530 588 666 648 committi
680 589 769 649 voluit

292 667 367 730 Sulis
381 668 557 750 presbyteris
574 668 728 747 quibussic
742 671 890 750 congruit,

391 747 427 808 Ut
438 754 549 808 sumant
562 757 590 808 et
601 747 667 809 dent
679 748 800 809 caeteris.

292 905 375 967 Panis
390 906 551 986 angelicus¹
566 907 596 968 fit
611 907 686 988 panis
701 907 864 983 huminum,

290 987 342 1046 [tat
356 987 433 1066 punis
445 986 579 1047 eudicus²
593 987 689 1065 figuris
702 989 871 1061 terminum.

291 1064 371 1126 Ores
383 1064 531 1127 mirabilis!
546 1067 692 1127 Manducat
704 1066 859 1129 Dominum

394 1145 513 1226 Pauper,
530 1167 624 1208 servus
636 1156 665 1207 ct
676 1146 800 1211 humilis

289 1304 340 1377 Te,
359 1305 428 1365 trinu
443 1305 536 1367 Deitas
549 1327 660 1388 unaque
675 1308 829 1386 puscimuS,

291 1383 337 1445 Sic
350 1405 401 1446 uus
414 1393 443 1445 tu
455 1386 546 1458 visita,
561 1386 633 1447 sicut
647 1394 673 1447 te
685 1387 822 1461 culimus3

290 1467 344 1527 Per
356 1474 417 1526 tuus
432 1467 545 1526 semitas
560 1467 612 1527 duc
627 1487 676 1526 uos
688 1470 744 1546 qud
759 1469 908 1531 tendimus

395 1545 436 1605 dd
449 1546 539 1607 iucem
556 1567 637 1627 quum
652 1545 801 1610 inhabitas
912 1519 920 1549 ³

607 1753 645 1815 li.

132 1912 268 1971 Verbum³
281 1929 429 1984 supernum
441 1913 598 1985 produci,
643 1915 747 1985 Quibus
757 1917 808 1974 sub
818 1917 884 1974 biud
895 1924 992 1993 specie

132 1987 188 2042 Nec
199 1986 282 2041 Putris
291 1985 418 2057 linquens
428 1986 594 2056 dexteram&
642 1989 757 2043 Curueui
772 1988 850 2045 dedit
864 1998 893 2047 et
906 1996 1080 2066 sanguinein,

132 2058 173 2113 Ad
188 2060 276 2128 opus⁶
287 2073 366 2112 suum
376 2058 478 2128 exieus,
642 2060 676 2115 Ut
691 2058 808 2128 duplicis
822 2061 986 2121 substautiae

131 2128 211 2184 Venit
221 2129 253 2185 ad
263 2130 323 2184 vitae
334 2145 470 2200 vesperum
480 2127 502 2184 7.
643 2131 739 2185 Tutum
750 2132 854 2188 cibaret
864 2133 1021 2194 homiuem.

131 2280 161 2333 iu
172 2285 288 2334 mortem
302 2296 316 2335 a
330 2279 462 2350 discipulo
643 2282 677 2338 Sc
692 2296 807 2337 nascens
822 2283 899 2340 dedit
913 2287 1027 2356 socium,

131 2349 193 2406 Suis
206 2351 350 2406 trudendus
364 2353 478 2420 zemulis,
643 2354 817 2408 (louvesceus
829 2354 856 2408 iu
869 2356 1006 2427 edulium,

131 2421 210 2477 Prids
221 2421 249 2475 iu
260 2422 319 2478 uitae
330 2423 432 2477 iercuiu
642 2424 810 2479 Semurieus
824 2424 853 2479 iu
866 2428 1002 2500 pretium,

131 2493 168 2549 Sc
180 2492 289 2548 tradidit
300 2493 450 2566 discipulis.
643 2498 677 2551 Se
693 2509 809 2566 regnans
823 2496 869 2551 dut
885 2498 916 2554 iu
930 2501 1079 2571 premium.

169 2703 205 2746 ¹«
223 2700 296 2748 Panis
323 2701 479 2763 augeiicus„
508 2708 589 2749 etc.»
618 2702 660 2750 ch.
683 2716 732 2762 xiv,
756 2716 781 2750 u.
809 2706 959 2756 tizuNon
982 2707 1079 2757 creditis

134 2762 238 2811 Psaume
257 2775 344 2822 iuxuu,
367 2777 390 2811 v.
411 2766 441 2809 29
453 2776 459 2806 ε
472 2776 486 2806 «
495 2762 590 2809 Panem
618 2763 677 2825 quic
689 2778 735 2828 ego
747 2763 772 2812 iu
785 2764 868 2828 Patre,
882 2775 910 2817 ct
919 2769 997 2819 Pater
1005 2770 1081 2820 inme

133 2823 281 2886 angelorum
302 2824 464 2870 muuducuvit
480 2822 563 2871 homo.
574 2839 588 2869 u
617 2826 671 2874 cst‘?
682 2842 695 2872 u

165 2887 200 2930 2«
212 2882 283 2931 Punic
293 2884 401 2932 euticus.
412 2900 425 2929 u
436 2882 506 2932 Saiut
516 2885 589 2947 Jeuu,
649 2890 660 2916 ⁴³
678 2905 691 2933 u
700 2884 778 2949 Opus.
791 2903 805 2933 u
827 2888 914 2940 Pcidce
937 2893 969 2942 de
992 2896 1082 2945 iesus·

131 2948 172 2996 ch.
186 2961 220 3005 vc,
238 2960 262 2993 v.
281 2948 310 2994 32}
329 2960 334 2993 :
350 2962 364 2992 «
374 2946 446 2994 i‘auis
461 2947 531 2994 cuim
544 2949 589 2996 Dei
617 2947 702 2999 Christ
714 2950 785 3011 apres
799 2950 822 2998 la
834 2950 914 3014 Cice,
927 2955 997 3006 saint
1009 2957 1081 3019 Jeuu,

131 3016 177 3069 est,
192 3007 235 3071 qui
247 3008 277 3057 dc
288 3008 350 3058 coelc
364 3008 493 3058 descendit
509 3015 535 3058 et
546 3010 589 3059 dat
624 3010 666 3059 th.
678 3025 739 3064 xcu.
760 3014 782 3059 vi
797 3016 831 3060 t:
850 3015 946 3078 «Opus
963 3031 1083 3069 cousum-

131 3072 209 3120 vitam
224 3071 327 3120 munde.
338 3087 351 3117 u
615 3074 682 3120 uiuvi
700 3072 768 3135 quod
784 3072 877 3124 dedisti
901 3078 969 3127 mihi
992 3087 1022 3130 ut
1043 3082 1081 3131 ta-

163 3132 259 3182 ⁵t⁷ecs
289 3133 429 3194 iumuiques
467 3133 588 3183 dimetres
616 3135 717 3183 ciam.»

130 3195 225 3258 libres,
253 3194 298 3243 ties
329 3195 455 3244 enscmbie
477 3209 523 3256 pur
545 3196 588 3245 des
645 3196 757 3244 ⁷«Vitee
774 3209 946 3257 vesperum.»
965 3203 1080 3266 Expres-

129 3257 207 3307 rirnes
225 3256 339 3306 croistcs.
360 3258 452 3320 Vuyez‚
474 3269 537 3320 page
549 3262 586 3319 16,
613 3258 668 3307 siun
680 3258 823 3306 cunctante.
837 3260 1080 3326 Dejus’approcuait

133 3328 225 3370 notet.
613 3319 708 3369 l'heucc
732 3321 765 3367 cii
793 3319 969 3376 ictus-Christ
995 3328 1078 3378 deu-ait

164 3384 173 3412 ⁴
189 3382 341 3439 «Prodicus,
353 3396 366 3425 u
384 3394 410 3429 se
423 3380 586 3430 manifestant
613 3382 735 3430 terminer
748 3394 774 3429 sa
786 3381 826 3428 vie
835 3389 861 3430 et
870 3384 969 3435 s'utsric
985 3402 1019 3438 eu
1038 3403 1076 3438 sa-

131 3445 293 3505 (aumondez,
612 3444 697 3492 critice
722 3456 784 3505 puur
805 3452 882 3491 nousss
894 3449 1025 3500 recheter.
1042 3452 1078 3501 On

160 3507 172 3536 ⁸
186 3523 200 3552 u
209 3508 259 3555 Nec
272 3503 351 3555 Patris
363 3504 481 3566 linquens
499 3505 584 3555 dexte·
612 3512 671 3567 peut
683 3504 736 3554 voit·
749 3504 894 3566 cgalcment
904 3509 937 3557 ici
949 3525 1002 3563 une
1012 3513 1079 3565 allu-

130 3579 219 3616 ram.»
234 3569 329 3631 Evanff.
350 3567 419 3617 seluu
438 3567 584 3627 iuimicus,
609 3567 663 3617 siun
674 3581 705 3617 au
719 3571 746 3615 6·
755 3567 801 3629 dgc
811 3565 846 3614 du
857 3571 964 3623 monde.
