2324 3960
381 212 385 219 .
425 182 429 189 ·
466 164 594 214 THOMAS
612 164 654 212 DE
670 163 806 243 ostano.
844 194 847 198 -

504 327 549 371 lle
566 324 619 371 dle
637 323 766 382 jumen.

134 473 198 529 Dies
212 484 218 512 ¹
232 474 292 539 irae,
306 473 364 530 dies
378 474 421 529 illa
436 473 459 539 2,
648 471 717 538 Quid
728 487 789 526 sum
799 471 886 527 miser
903 478 978 528 tuno
989 472 1124 538 dicturus,

135 544 229 600 Solvet
242 546 352 601 saelum
369 545 395 599 in
412 544 510 613 favilla,
531 580 549 609 .
647 546 733 610 Quem
747 549 900 621 patronum
917 552 1084 616 rogaturus,

137 615 217 670 Teste
232 615 414 671 lieentum
427 618 536 689 sihyttn.
646 614 736 680 Quum
750 612 795 668 vix
808 621 903 685 justus
918 613 932 649 5
957 616 997 671 sit
1023 613 1152 672 securus?

140 767 262 833 eraulus
273 773 375 821 tremor
387 773 428 822 est
438 768 554 836 laturus,
645 766 701 819 Rex
716 763 871 821 tremendae
885 766 1062 837 majestatis¹

139 836 252 920 Quando
264 837 347 918 judex
359 846 556 919 estiomenus,
645 835 696 902 Qut
710 836 855 891 salvandos
871 837 967 919 sal-ras
983 840 1088 920 gratis,

138 904 243 962 (innota
258 912 350 964 straete
362 910 555 966 ‹laserrssurnst
644 908 722 962 Salve
739 923 794 976 me,
810 905 874 963 lons
888 913 1028 979 pretatis!

138 1056 212 1112 Tubu
224 1057 323 1113 mirum
336 1074 462 1130 spargens
476 1077 584 1131 sonum,
644 1058 808 1126 Recordare,
823 1059 889 1114 lesu
909 1061 970 1130 pie,

137 1128 190 1182 Per
202 1129 344 1199 sepulchra
359 1132 509 1201 regionum,
643 1129 720 1197 Quod
730 1145 792 1186 sum
807 1146 890 1186 eausa
903 1137 965 1187 tuae
982 1132 1037 1188 viae
1050 1132 1080 1189 ⁶:

137 1200 222 1270 Coget
233 1215 327 1257 enarres
340 1209 399 1257 antu
415 1201 552 1259 thronum.
643 1202 681 1257 Ne
697 1217 740 1256 rue
751 1201 848 1272 perdas
861 1202 908 1256 itta
919 1203 979 1258 die.

139 1349 209 1405 llors
221 1350 338 1420 stupebit
348 1359 376 1407 et
388 1360 500 1420 uatum,
643 1353 775 1418 Qaeereus
794 1369 838 1407 me
859 1353 960 1409 sedisti
981 1356 1087 1427 lassus;

139 1420 227 1486 Quum
237 1430 498 1494 resurgetcreatura‚
578 1440 587 1455 ·
643 1422 791 1478 Rotleuristi
809 1440 920 1479 crucem
936 1441 1061 1496 passus:

137 1493 151 1544 J
157 1491 275 1548 udicauti
295 1510 465 1565 responsura.
644 1495 744 1549 Tantus
755 1494 833 1550 labor
846 1511 901 1551 uon
923 1499 962 1552 sit
978 1514 1086 1554 cassus.

60 1660 77 1671 ··
138 1642 218 1699 Liber
228 1647 346 1713 scriptus
360 1645 513 1714 proferetur
523 1646 546 1714 ⁴,
643 1647 717 1701 lusle
728 1644 812 1716 judex
829 1646 960 1716 ultioniS‚

137 1716 166 1768 lu
183 1731 235 1784 quo
247 1722 333 1770 totum
345 1716 508 1782 continetur,
644 1718 750 1773 Dorium
765 1717 806 1772 lae
820 1718 1001 1776 remissionis

137 1785 212 1839 Unde
228 1783 343 1840 muudus
353 1784 497 1855 jrniicetur.
643 1791 712 1843 Ante
723 1788 796 1843 diem
817 1789 944 1846 rationis.

135 1934 220 1990 Judex
233 1953 297 2007 erpo
311 1952 393 2008 qrrrrru
408 1935 521 2005 sedebit,
643 1938 794 2010 lugemiseo
814 1946 946 2013 tanquam
966 1958 1040 2003 reus·

136 2005 275 2079 Quidquid
292 2009 356 2063 latet
374 2009 509 2079 apparebit
525 2027 533 2079 3
644 2009 728 2080 Culph
740 2009 821 2066 rubet
832 2016 925 2067 vultus
935 2030 1034 2070 meus:

136 2076 179 2132 Nil
193 2078 307 2136 inultum
321 2081 480 2135 remanebit.
644 2080 812 2151 Supplieanti
827 2099 919 2154 parce,
935 2085 1018 2140 Deus.

172 2306 180 2333 ¹
208 2304 310 2367 chaque
340 2307 441 2369 strophe
470 2307 597 2356 renlerme
615 2306 793 2367 tadaemouia;
812 2308 904 2357 subtus
924 2307 1075 2360 horrendum

137 2367 199 2415 trois
217 2367 337 2430 versent
355 2376 399 2417 ont
411 2368 467 2417 huit
489 2368 596 2431 syllabus
615 2367 935 2433 chaosinlerni;desuper‚
944 2371 1077 2434 judexira-

138 2436 163 2477 et
175 2430 198 2476 la
211 2430 365 2490 ptrrultieme
380 2431 479 2492 leugae.
617 2436 670 2491 tus‚·
683 2430 743 2478 loris
754 2432 867 2481 muudus
884 2435 995 2496 ardens;
1013 2435 1079 2482 intus

169 2492 181 2519 ‘²
195 2511 206 2534 a
219 2491 276 2540 Dies
287 2492 341 2554 irus,
355 2493 407 2542 dies
421 2494 473 2541 illa.
487 2492 595 2555 »vopen
616 2492 768 2541 conscientie
778 2506 866 2543 ureae.
888 2496 926 2544 lhi
945 2496 986 2544 six
995 2498 1079 2558 justus

139 2557 339 2616 pagatianum
359 2559 384 2605 3.
615 2554 760 2603 salvabitur.
775 2555 845 2604 lleu!
861 2557 943 2606 miser
956 2565 1077 2621 petentur,

171 2619 181 2644 ·“’
195 2615 287 2664 «Teste
306 2618 392 2665 llavid.
408 2636 419 2661 s
434 2618 538 2665 l'srurne
557 2631 594 2675 cr,
615 2617 650 2665 sio
667 2617 839 2679 deprehensus
851 2620 903 2680 quh
924 2619 1021 2684 fugies?
1033 2622 1075 2666 ta-

139 2691 165 2725 v.
182 2684 229 2725 att:
245 2679 326 2726 «t'seli
337 2681 462 2741 peribunt.
472 2687 497 2726 et
508 2692 595 2727 onrnes
615 2685 668 2728 tere
680 2680 750 2729 enim
763 2684 800 2729 est
817 2681 987 2745 impossihile,
1003 2693 1075 2744 appa-

138 2738 202 2787 sicut
224 2739 403 2788 vestirneuturn
424 2745 591 2789 veterascent.
615 2753 672 2790 rere
685 2741 879 2791 intolerabile.»

137 2801 169 2849 Et
181 2800 244 2848 sieut
256 2802 413 2860 opertorium
424 2799 533 2848 mutabis
542 2814 593 2857 eos.
647 2803 658 2832 ⁸
670 2824 681 2847 a
693 2804 763 2863 Quhd
774 2817 832 2852 sum
845 2818 924 2854 causa
934 2814 986 2857 tuae
1001 2806 1053 2856 vien.
1065 2824 1077 2848 a

138 2861 377 2910 ementiebantur.»
615 2863 660 2913 Ces
671 2872 737 2914 muts
757 2872 782 2915 et
800 2866 822 2914 le
836 2868 951 2927 premier
969 2883 1027 2918 vers
1049 2869 1079 2917 de

170 2924 179 2953 ⁴
191 2943 202 2967 e
213 2924 287 2972 Liber
297 2924 404 2987 scriptus
417 2924 591 2986 proferetur.»
615 2925 639 2973 la
652 2928 753 2989 strophe
770 2927 889 2978 suirante
902 2944 948 2992 rap
967 2931 1046 2989 ellent
1057 2931 1079 2980 le

137 2985 302 3048 alpueolppsn
317 2987 357 3035 oh.
375 3001 418 3043 xx,
435 3002 459 3035 r.
480 2991 523 3036 12:
537 3006 548 3031 a
565 2989 593 3036 lit
615 2988 718 3039 sixiorne
725 2998 807 3038 verset
817 2991 899 3039 duelr.
909 3004 935 3038 ιν
943 2945 974 3042 aie
983 2994 1080 3042 l'Esan-

136 3047 188 3096 vidi
198 3057 320 3110 mortuosy
330 3062 435 3112 magnos
445 3058 470 3097 et
481 3049 592 3111 pusillus,
614 3050 664 3111 gile
679 3052 709 3100 de
722 3053 787 3100 salut
799 3053 860 3100 leun
874 3068 880 3101 :
896 3072 907 3095 e
920 3054 994 3103 lesus
1008 3069 1080 3119 ergo,

136 3116 230 3159 stantes
251 3112 277 3159 in
298 3119 431 3173 oianspeutu
449 3112 547 3170 throni,
568 3120 593 3161 et
614 3113 733 3175 l'utigatus
749 3127 779 3162 ex
797 3113 904 3175 itinere,
926 3117 1032 3166 sedehat
1045 3119 1080 3166 sio

138 3171 196 3221 libri
207 3175 286 3235 aperti
299 3181 366 3223 stant.
378 3192 389 3216 r
615 3187 689 3234 supra
702 3176 806 3224 lentem.
824 3193 837 3222 n
859 3178 931 3226 saint
950 3179 1078 3242 Augustiu

169 3236 290 3295 ³«Quum
301 3237 517 3298 vixJ'rrstars,eto.u
528 3237 592 3285 bans
615 3236 660 3285 luit
682 3237 717 3286 les
738 3238 872 3287 rellexions
891 3239 1023 3290 salvantes¹
1037 3256 1081 3290 sur

136 3304 201 3345 cette
220 3300 322 3361 strophe
345 3305 370 3347 et
387 3298 448 3346 daus
467 3299 490 3346 la
508 3300 592 3360 prece-
615 3297 637 3347 le
653 3313 753 3360 passage
772 3300 801 3348 de
819 3301 885 3348 seint
897 3301 961 3349 Jeau
974 3317 980 3350 :
995 3320 1010 3349 a
1023 3304 1081 3353 Nou

136 3357 220 3423 dente,
237 3361 259 3409 le
277 3364 347 3423 poete
360 3359 410 3408 suit
423 3360 457 3409 les
471 3368 549 3410 traces
561 3361 592 3410 de
616 3360 708 3409 frustra
720 3362 840 3425 fatigatur
848 3363 929 3423 lesus,
940 3377 993 3413 aron
1006 3366 1080 3415 enim

136 3419 200 3469 saint
221 3423 347 3482 beselmo,
367 3424 401 3470 De
420 3424 593 3471 n'ualtttnaiae
615 3423 708 3471 frustra
723 3424 843 3487 fatigatur
855 3424 937 3473 virtus
949 3426 1008 3487 Dei,
1025 3441 1079 3477 non

136 3485 227 3531 mnndi
238 3501 246 3531 :
258 3504 268 3527 e
282 3487 299 3533 h
310 3485 405 3534 dextris
414 3494 490 3535 erunt
502 3499 590 3548 porea·
615 3485 683 3534 eninr
697 3486 789 3535 lrnstra
800 3486 919 3549 latigatur
931 3498 977 3546 per
996 3500 1080 3549 quern

135 3546 356 3606 sternumentum
372 3548 487 3605 sinistris,
508 3547 593 3596 inlini·
614 3547 710 3609 latigati
725 3554 878 3597 recreantur.
894 3547 1027 3603 terreatur
1040 3558 1080 3599 tu-
