2324 3960
406 167 496 215 salut
513 165 761 215 BONAVENTURE.

282 269 344 330 Heu
357 288 406 330 cur
419 266 553 328 beneficio
568 264 669 327 Christi
683 266 841 347 passionis,

284 350 372 410 Penes
385 358 413 407 tc
426 348 595 416 memoriter,
609 347 705 416 bomo,
722 365 784 406 non
800 344 942 425 reponis?

285 429 338 490 Per
349 427 420 487 hanc
432 427 508 487 enim
520 425 592 507 rupti
606 435 673 485 sum
688 425 781 506 laquei
798 424 960 505 praedonis,

284 508 337 570 Per
349 507 423 567 hanc
436 506 560 568 Christus
576 505 705 565 maximis
718 512 746 565 te
760 504 867 566 ditavit
882 504 981 565 bonis.

286 670 345 733 Suo
358 670 459 752 quippe
471 688 586 750 corpore
600 667 770 749 languidum
784 676 814 727 te
828 667 926 749 pavit,

285 750 374 821 Quem
387 750 417 810 in
431 769 480 810 suo
495 748 628 808 sanruine
641 748 727 829 gratis
741 746 906 818 balneavit,

287 830 407 891 Demum
419 848 500 889 suum
514 796 593 888 dulce
608 848 655 888 cor
669 826 719 887 tibi
735 825 914 899 denudavit,

288 908 324 969 Ut
337 909 376 969 sic
389 907 583 980 innotesceret,
597 907 734 988 quantdm
748 913 779 967 te
788 906 917 967 rimavit.

291 1069 315 1133 0
328 1072 412 1151 qu'am
424 1070 507 1131 dulce
520 1069 661 1141 balneum,
675 1090 738 1130 esca
751 1072 842 1152 quim
856 1069 959 1139 suavis,

290 1149 358 1220 Qnae
369 1150 490 1210 sumenti
503 1149 585 1231 digne
598 1149 629 1210 fit
647 1149 769 1210 Paradisi
783 1148 875 1209 clavis
888 1156 895 1211 t

291 1229 328 1290 Et
339 1229 374 1301 ei,
387 1249 471 1319 quem
484 1229 585 1301 reficis¹
603 1230 694 1290 nullus
711 1229 791 1289 labor
806 1230 919 1311 gravis,

294 1307 370 1370 Licet
382 1328 419 1370 sis
431 1309 539 1370 fastidio
552 1309 680 1370 cordibus
692 1309 813 1390 ignavis.
831 1334 844 1365 r

296 1468 365 1533 Post
377 1466 436 1527 hoec
447 1466 536 1528 dulcis
548 1467 638 1527 anima
651 1466 713 1548 plus
728 1474 756 1527 et
769 1466 835 1548 plus
847 1468 1007 1528 fervescens

298 1545 389 1607 Sensu
402 1553 461 1607 toto
473 1546 574 1615 deficit,
591 1566 704 1628 corpore
718 1547 878 1607 tabescens.

297 1626 359 1686 lam
371 1626 415 1685 vix
426 1626 452 1687 lo
474 1626 502 1686 ui
512 1626 623 1698 sufficit,
639 1626 686 1686 sed
700 1626 803 1686 affectu
817 1647 963 1693 crescens.

297 1703 357 1765 Suo
370 1706 441 1766 lecto
455 1647 571 1767 lecubat
584 1715 679 1787 utpote
691 1706 898 1787 languescens

300 1866 373 1947 Ergo
384 1864 473 1926 dulcis
486 1868 604 1945 gutturis
618 1888 720 1949 organo
736 1879 882 1949 qrrassato,

301 1944 408 2027 Lingua
422 1948 530 2006 tantiam
545 1948 668 2029 palpitat,
683 1949 776 2010 sonitu
791 1950 925 2028 sublat0;

303 2025 359 2087 Sed
371 2046 420 2107 pro
431 2026 522 2087 verbis
537 2028 580 2109 pia
595 2048 674 2088 urens
688 2028 757 2089 fletu
771 2038 969 2109 compensato,

303 2104 480 2167 Lamentatur
494 2106 642 2168 [lominum
653 2111 735 2169 corde
747 2110 884 2170 sauciato.

307 2265 355 2326 Sic
365 2271 408 2325 est
420 2273 512 2326 autem
526 2266 634 2325 animus
650 2264 724 2326 illius
738 2265 865 2341 illectus,

306 2345 390 2416 Quasi
404 2345 428 2406 ei
443 2364 563 2424 praesens
575 2345 611 2405 sit
625 2346 747 2405 moriens
762 2347 896 2421 dilectus,

306 2426 341 2487 Et
352 2445 366 2485 a
379 2444 459 2485 eruco
474 2425 588 2485 minime
602 2424 715 2485 retrahit
729 2434 874 2507 aspectus,

307 2504 374 2576 Quia
388 2504 425 2565 ibi
439 2506 546 2577 oculus,
560 2504 607 2566 ubi
622 2511 663 2564 est
675 2502 803 2567 affectus.

308 2664 445 2740 Gemitus,
458 2664 584 2745 suspiria,
599 2664 736 2744 lacrymae,
751 2665 877 2729 lamenta

311 2743 389 2803 Sibi¹
405 2751 470 2803 sunt
482 2743 597 2817 deliciae,
611 2744 698 2817 cibus,
715 2745 865 2826 alimenta,

310 2820 414 2891 Quibus
425 2824 515 2883 nova²
529 2832 634 2905 martyr
647 2832 688 2885 est
701 2824 815 2887 interim
828 2828 955 2901 inventa,

310 2900 358 2962 Sic
374 2919 425 2963 suo
438 2904 566 2985 martyrio
578 2904 702 2986 praebent
713 2903 902 2971 incrementa.

314 3061 345 3120 ln
356 3060 410 3122 hoc
426 3068 498 3123 statu
514 3063 619 3144 respuit
631 3061 766 3145 quidquid
782 3073 826 3127 est
837 3076 992 3140 terrenum,

313 3140 468 3222 Mundique
480 3143 606 3204 solatium
620 3150 729 3224 reputat
745 3165 903 3220 venenum;

171 3434 180 3464 ¹
200 3448 215 3479 a
227 3425 277 3479 sibi
290 3444 302 3469 ι
313 3421 434 3485 equit-aut
448 3426 528 3478 acet.
541 3447 551 3470 a
628 3433 756 3479 caniment
769 3441 817 3481 son
830 3440 956 3497 martyro,
970 3433 1049 3484 tettem

170 3495 182 3525 ¹
201 3512 212 3537 ι
234 3487 329 3550 Quibus
350 3500 415 3536 nova
434 3498 532 3552 martvr
554 3496 600 3550 ost,
628 3502 653 3536 so
665 3502 757 3552 propre
769 3492 1049 3547 douleuruourritsad

138 3565 198 3619 etc,
220 3572 232 3597 r·
253 3552 296 3616 rpri
317 3549 491 3599 renouveltent
522 3551 601 3599 iocos·
629 3551 693 3600 leur.
