2324 3960
404 165 495 219 sams
511 168 756 224 BONAVENTURE.

280 273 357 335 Felix
371 276 415 335 rui
429 275 508 337 licuit
520 279 572 338 suh
586 278 639 341 hoo
652 289 826 363 praeceptore

282 352 442 416 Conversari
454 358 568 438 jugiter.
585 369 614 420 et
626 359 661 421 ab
675 364 737 438 ejus
751 382 802 424 oro

280 434 335 496 itiel
348 434 462 495 eoeteste
475 458 583 513 sugere,
599 440 678 519 cujus
693 462 749 522 prae
764 441 886 504 dulcore

280 516 465 579 Amarescuut
478 528 587 592 cetera,
602 520 683 601 piena
697 530 763 583 suut
776 522 891 586 fetore!
905 550 921 584 n

286 735 353 796 Haea
366 743 394 795 et
405 735 492 797 muita
508 735 569 797 talia
586 735 654 799 dum
668 757 749 799 mens
762 738 933 820 meditatur,

288 815 329 876 Ad
346 814 500 877 reddendas
513 815 612 897 gratias
627 825 694 878 tono
708 828 894 901 prosperatur,

286 894 328 955 Ad
343 894 511 956 laudandum
526 896 677 958 Dominum
692 899 782 980 magis
795 898 1004 975 inflammatur,

289 974 392 1055 Sisque
404 974 480 1037 horae
494 977 580 1036 tertie
592 986 690 1038 cautus
705 978 886 1041 terminatur.

288 1178 348 1252 001,
363 1181 405 1242 oei
418 1183 509 1242 onima
525 1182 624 1243 elamat
637 1182 666 1243 io
680 1182 736 1243 hoc
749 1191 835 1256 statu,

290 1259 392 1322 Crebro
406 1261 526 1324 tundens
540 1263 671 1342 lacrymas
685 1262 738 1323 sub
752 1263 806 1324 hoo
822 1263 964 1339 incolatu,

289 1340 417 1403 Laudans
431 1351 460 1403 et
473 1341 628 1423 glorificans
640 1362 743 1424 magno
755 1363 821 1404 oum
836 1354 944 1406 conatu

288 1420 440 1501 Christum,
454 1422 502 1502 qui
517 1427 576 1484 tot¹
590 1423 707 1502 pertulit
717 1442 768 1484 suo
783 1443 834 1504 pro
848 1432 945 1486 reatu.

289 1634 321 1695 lu
334 1633 387 1695 har
400 1634 468 1695 hora
482 1635 573 1695 anima
588 1631 663 1695 ebria
677 1633 798 1707 videtur,

290 1713 346 1775 Sed
361 1714 431 1775 eirea
444 1714 587 1776 meridiem
598 1713 672 1773 calor
685 1733 772 1795 quum
786 1721 924 1794 augetur,

290 1792 326 1861 Ut
340 1793 441 1852 amoris
456 1793 574 1855 stimulis
589 1792 678 1874 magis
690 1792 858 1879 perforetur,

290 1870 353 1932 Mox
366 1871 399 1932 ab
415 1871 461 1931 illa
475 1872 565 1954 passio
579 1872 681 1933 Christi
696 1881 869 1936 recensetur.

297 2083 412 2144 Ploraas
426 2104 492 2166 ergo
506 2084 617 2166 respicit
630 2103 735 2161 agnum
750 2083 917 2165 delicatum,

295 2166 407 2245 agnum
421 2166 481 2226 siue
496 2158 611 2237 macuti,
624 2160 712 2302 spinis
726 2173 907 2242 coronatum,

298 2242 424 2305 Lividum
439 2244 607 2314 verberibus,
622 2244 705 2304 ravis
720 2245 906 2324 perforatum,

296 2322 348 2385 Per
362 2332 403 2386 tot
415 2324 475 2385 loca
489 2325 583 2385 lateris
596 2323 689 2384 fossa²
704 2330 898 2388 cruentatum.

299 2538 435 2602 «Siccine
450 2542 581 2602 decuerat
596 2537 703 2619 (iuquit)
717 2548 746 2599 te
760 2538 922 2621 benignum

296 2622 409 2701 tignum
423 2620 519 2680 mortis
533 2619 638 2680 exitum
650 2616 706 2699 pati
720 2623 778 2678 tam
791 2618 966 2701 indignum?

296 2698 351 2760 Sed
373 2701 413 2760 sic
427 2700 602 2779 disposueras
616 2699 726 2758 vincere
741 2698 905 2778 malignum
918 2706 941 2775 ³,

297 2780 333 2840 Et
349 2779 403 2838 hoc
417 2786 506 2838 totum
516 2777 624 2839 'factum
638 2786 680 2838 est
694 2774 730 2837 oh
747 2780 857 2840 amoris
874 2782 1002 2864 signum.

298 2990 425 3069 Namque
438 3011 487 3074 pro
500 3013 546 3053 me
558 2964 798 3072 misera'quam'tu
812 2993 939 3058 dilexisti

303 3071 398 3132 Mortis
413 3072 440 3133 in
455 3072 582 3133 aculeum
595 3072 685 3133 sciens
699 3071 854 3153 impegisti,
961 3100 964 3107 ·

156 3416 163 3444 r
185 3431 197 3467 ,⁸
222 3410 269 3463 Tor
294 3419 305 3444 s
325 3392 446 3456 tquivaut
466 3392 481 3438 a
503 3408 517 3439 a
533 3398 587 3441 tam
620 3392 655 3478 du
673 3387 801 3499 parpprrppea
806 3394 882 3501 [ἔπερ
892 3392 926 3442 (10
940 3410 953 3436 a
965 3392 1087 3443 rodimar

124 3475 306 3582 miniada&
318 3524 356 3570 est
364 3516 387 3565 le
395 3514 487 3578 pluria!
497 3519 587 3563 neutra
618 3463 1085 3579 wiaiiralrgnumfiiaiprammr·
