2324 3960
694 192 817 245 incurri.

378 297 488 437 Asfice,
499 296 547 379 qui
561 294 702 389 quondam
715 296 834 379 gemmis
844 294 966 377 fulgebat
975 304 1003 359 et
1013 314 1096 361 auro.

432 376 469 438 lio
479 377 553 458 jacet
567 397 595 437 in
605 376 711 437 tumulo
726 384 846 438 stercore
859 377 1004 440 sordidior.

379 454 414 517 Ut
424 456 506 519 flores
519 465 636 539 pereunt
649 464 731 517 rento
742 456 871 519 veniente
881 457 994 534 minaci,

418 536 464 597 Sic
474 545 520 597 tua
532 556 654 617 nonique
668 554 742 609 cnro,
752 535 840 617 gloria
849 542 907 599 tota
920 538 1000 619 perit.

376 616 418 677 Tu
430 615 499 677 mihi
511 616 595 677 redde
607 616 706 690 vicem,
718 615 815 692 lector,
825 622 902 699 rogo,
914 616 1043 679 carminis
1058 612 1145 698 hujus

416 696 451 757 Et
464 696 525 757 dic:
538 696 603 757 clia
615 692 736 770 veniam,
750 696 869 774 Christe,
885 704 933 759 tuo
946 697 1061 759 famulo.
1076 718 1092 755 n

377 774 497 839 Obsecro
510 775 585 837 nulla
597 775 786 838 manusriolet
797 776 840 857 pia
848 781 910 857 jura
920 797 951 839 se
970 777 1050 850 niori,

417 858 550 919 Personet
564 855 687 938 angelice
700 855 789 917 donec
803 856 837 917 ab
851 876 913 919 arce
925 796 1010 919 tuito:

379 960 394 993 ιι
409 936 462 1007 Qui
474 936 548 1018 jacet
561 936 590 996 in
600 936 717 1008 tumulo,
730 944 810 997 terro
826 935 861 997 de
875 937 987 1018 pulvere
1001 944 1109 1020 surget,

415 1016 531 1098 Magnus
541 1016 619 1077 adest
627 1014 713 1097 judex
725 1015 846 1077 millibus
858 1016 1023 1079 innumeris.
1038 1040 1054 1077 ι)

375 1095 502 1158 Alchwin
514 1115 617 1157 nomen
629 1102 686 1157 erat
699 1094 827 1178 sophiam
838 1095 906 1158 mihi
916 1116 1026 1179 semper
1039 1100 1157 1176 amanti,

416 1175 468 1238 Pro
479 1195 534 1257 quo
542 1175 628 1237 funde
639 1194 732 1257 preces
743 1183 835 1238 mente
847 1224 854 1251 ,
868 1176 964 1259 legens
977 1176 1103 1239 titulum.

310 1440 485 1502 ΙιιΤίιιιΙιιιιι,
505 1459 516 1485 ι
536 1439 682 1503 inscription
711 1446 736 1489 et
763 1439 782 1488 il
799 1440 908 1490 reclamo
917 1438 961 1490 des
971 1440 1069 1504 priores
1099 1452 1149 1490 our

276 1476 737 1613 particulieremcnt,inscriftion(i'un
764 1502 1067 1575 quiennd’autnntpius
1112 1501 1162 1551 soi

275 1564 736 1629 tombeau,op1tapne.ncurnter-
764 1576 810 1614 son
829 1565 945 1629 epitaphe
966 1570 1068 1615 recente
1095 1575 1124 1615 sa
1154 1584 1162 1622 ι

276 1626 346 1677 mino
365 1640 411 1689 ner
420 1641 455 1677 un
466 1638 524 1676 rers
534 1626 625 1690 simple
636 1632 663 1678 et
673 1626 734 1677 fort.
764 1628 858 1689 passee.
