2324 3960
472 181 654 235 Puuunucn.

193 285 330 346 Macrone
341 282 435 345 hiulco
446 283 560 366 pensilis
566 282 638 345 latus
651 281 703 342 viri
718 291 726 327 ¹
741 302 747 340 :

193 363 312 427 Sulcant
324 384 372 447 per
382 370 457 425 artus
466 362 547 444 longa
557 363 667 424 tractim
681 361 804 432 vulnero,

193 444 311 527 Obliqua
325 443 418 515 rectis,
435 452 509 505 recta
523 443 684 505 transversis
696 447 809 514 secant;

193 525 228 588 Et
239 525 299 608 J'am
309 524 419 587 retectis
436 530 534 608 pectus
544 521 617 585 albet
626 522 744 585 ossibus.

235 687 355 750 Nitendo
369 687 509 759 anhelant,
527 685 658 748 diffluunt
667 685 826 760 sudoribus,

194 768 288 838 Quum
300 768 336 830 sit
347 768 458 849 quietus
468 766 549 828 beros
559 766 589 827 in
601 787 684 846 quem
697 767 826 827 saeuiunt.

193 848 261 911 Haec
273 849 353 911 inter.
366 847 443 909 addit
457 848 555 928 sponte
569 845 711 907 Romanus
724 845 800 927 loqui
815 851 825 886 ¹
844 870 850 905 :

197 952 213 988 a
234 928 265 990 Si
276 928 388 1007 queris,
405 925 570 1008 dpnaelecte,
586 946 684 988 verum
698 946 822 997 noscere,

195 1008 256 1072 Hoc
270 1028 364 1089 omne,
374 1004 508 1091 quicquid
517 1006 701 1088 lancinamur,
717 1026 774 1068 non
787 1006 864 1070 dolet
880 1030 887 1067 ε

234 1169 324 1246 Dolet,
337 1169 413 1252 qubd
424 1189 500 1231 error
511 1169 614 1251 pectori
626 1168 728 1230 insidet
740 1176 800 1238 tuo,

195 1248 315 1332 Populus
329 1249 404 1333 qudd
416 1249 484 1311 istos
497 1248 621 1326 perditus
631 1257 725 1311 tecum
736 1245 840 1308 trabis:

195 1329 316 1392 Currunt
327 1328 487 1411 frequentes
498 1334 508 1369 ³
520 1329 644 1410 undique
656 1327 689 1389 ad
703 1324 890 1407 spectaculum

195 1408 304 1472 Gentile
314 1411 423 1492 vulgus,
435 1409 491 1471 beu
504 1409 642 1492 gemenda
654 1425 767 1488 corpora
782 1407 788 1465 !

196 1489 395 1574 Crudumque⁴
411 1497 512 1553 nostrae
523 1491 604 1553 sortis
618 1487 778 1570 exemplum
791 1493 925 1552 tremunt.

239 1650 350 1728 Audite,
360 1651 463 1725 cuncti,
477 1651 567 1712 clamo
578 1650 661 1730 longa
676 1669 708 1711 ac
719 1647 851 1731 praedico‚

197 1730 299 1793 Emitte
308 1750 405 1793 voum
416 1730 451 1793 de
464 1734 589 1792 cutastdl
603 1729 700 1791 celsior
717 1752 723 1789 :

129 1838 135 1847 ·
199 1809 324 1873 Christus
332 1819 455 1893 paternae
465 1811 559 1894 gloriae
574 1809 714 1892 splendor,
731 1809 804 1871 lleus

198 1889 302 1951 Rerum
313 1901 431 1970 creator,
443 1898 538 1954 noster
551 1890 626 1952 idem
639 1892 783 1972 particeps,

199 1969 324 2055 Spondet
337 1971 456 2034 salutem
471 1978 613 2056 perpetem
623 1970 800 2033 credentibus
812 1993 820 2042 ;

237 2132 345 2194 Animae
358 2132 476 2194 salutem
488 2138 511 2204 ⁶,
527 2131 585 2194 sola
599 2132 661 2213 quae
675 2150 732 2191 uon
746 2130 858 2207 occidit,

199 2210 254 2273 Sed
269 2212 333 2295 'nge
343 2212 456 2286 durans,
471 2212 593 2291 dispares
602 2231 681 2272 casus
692 2210 777 2283 subit,

198 2292 252 2354 dut
277 2313 327 2354 nco
337 2293 434 2375 fulget,
446 2303 493 2353 aut
501 2290 623 2352 tenebris
634 2289 768 2429 menpitur
784 2311 792 2348 ε

198 2370 337 2435 Christum
363 2381 469 2450 secuta,
486 2371 575 2433 Patris
587 2369 811 2451 intratgoriam3

199 2450 338 2534 llisjuucta
347 2453 468 2529 Christo,
480 2451 652 2535 mancipatur
663 2458 773 2512 tartaro.

237 2613 363 2676 Curanda
378 2633 484 2675 merces
498 2611 589 2694 qualis
602 2633 634 2673 ac
647 2630 775 2694 quaenam
790 2608 859 2671 mihi

196 2691 344 2775 Contingat
358 2694 445 2755 olim⁷
461 2695 583 2775 perpetis
594 2692 774 2755 substantie:

197 2770 268 2834 Nam
283 2773 406 2836 membra
422 2774 496 2855 parvi
510 2772 600 2854 pendo
614 2793 670 2854 quo
684 2782 764 2854 pacto
776 2770 883 2845 cadant,

197 2852 299 2915 Casum
313 2855 389 2915 certe
404 2854 465 2935 lege
481 2861 585 2914 nature
599 2872 667 2914 suaa.

196 2931 283 2996 Instat
296 2933 375 2996 ruina
389 2954 395 2994 :
412 2931 487 3015 quod
501 2933 696 2994 resoluendum
710 2939 763 3005 est,
779 2939 850 2995 ruat.

132 3156 140 3186 ¹
162 3176 174 3201 ι
190 3158 254 3210 Viri.
270 3177 281 3202 o
295 3158 367 3207 Saint
378 3155 495 3205 Romaiu.
624 3158 636 3186 ⁵
655 3155 789 3218 «Cutastd,
804 3175 815 3199 ι
829 3158 915 3219 espece
928 3154 1054 3206 d'estrude

131 3219 172 3264 ἰ
197 3220 274 3271 nunu
297 3220 376 3282 loqui,
399 3237 410 3262 a
434 3220 519 3282 ajoute
540 3215 565 3266 ln
592 3231 637 3267 sur
654 3218 762 3281 laquelle
778 3232 809 3267 on
830 3218 921 3282 plapait
937 3217 973 3266 les
986 3228 1053 3265 unar-

100 3281 292 3393 parolepprend
305 3281 329 3330 la
343 3280 437 3345 parole.
593 3287 647 3344 tyrs
671 3293 734 3342 pour
755 3280 791 3330 les
812 3293 917 3344 exposer
934 3280 949 3325 t
968 3278 993 3326 la
1004 3290 1053 3327 une

133 3344 172 3388 ⁸·‹
217 3349 310 3393 urrant
330 3343 368 3392 fre
388 3341 562 3392 necteuoce
593 3343 627 3392 du
650 3344 749 3405 penple,
801 3343 880 3391 ndunt
896 3340 976 3404 'qu'on
995 3338 1053 3389 leur

75 3438 78 3443 -
102 3405 179 3476 verbe
192 3412 218 3456 et
229 3413 271 3455 cet
280 3356 388 3473 ¹adjeetll'
396 3410 455 3476 sont
466 3417 498 3452 an
511 3403 566 3466 plu·
594 3405 678 3454 laisait
689 3357 798 3476 subtil:
808 3410 913 3453 turture.
1045 3463 1050 3473 Ι

99 3466 159 3527 rial,
169 3480 247 3530 parce
257 3480 333 3538 quer
358 3467 437 3516 entrle
448 3466 563 3537 vulgus·
623 3468 636 3496 ⁸
655 3469 778 3516 «Auruncae
797 3465 929 3515 salutanti
944 3466 981 3512 ast
997 3461 1051 3529 repr

101 3529 231 3579 ronferme
252 3542 303 3579 une
326 3543 333 3576 r
353 3530 381 3578 te
393 3529 425 3578 de
437 3526 564 3591 pluralite.
592 3542 639 3594 par
652 3543 686 3577 «s
704 3527 814 3578 undet.»

133 3588 146 3627 ⁸
162 3589 314 3650 «Crudum,
324 3609 335 3634 ⁸
345 3590 427 3645 critob⁴
625 3592 635 3622 ⁷
655 3611 666 3635 ι
680 3543 756 3653 ellim,
770 3608 781 3634 ι
794 3602 831 3638 un
841 3588 908 3651 jour.

1085 3670 1120 3730 Ι
