2324 3960
85 155 128 208 ult
141 151 356 206 ruotrueurtn
371 149 485 203 nlvntn
501 150 628 202 [nonnul
644 151 798 203 AUCTORIS
812 151 953 203 cunutus.
988 155 1032 202 149

185 248 332 330 Quumque
345 247 470 309 animum
503 247 578 310 utriae
590 245 675 308 subiit
688 245 820 308 fumantis
833 245 936 329 imago,

223 329 258 390 Et
270 327 346 390 stetit
358 335 422 389 ante
435 266 529 388 oculos
543 326 676 409 quidquid
691 326 794 408 ubique
808 326 887 408 perit,

184 408 357 489 Frangimur,
374 406 531 469 immodicis
544 415 572 469 et
585 406 696 468 llotibus
711 426 757 467 ora
771 406 908 488 rigamus3

223 489 353 568 Dumque
366 488 426 570 pios
439 487 560 568 egimus,
573 488 706 548 vertimur
722 486 752 547 in
765 485 908 568 querulos.
1003 494 1036 538 20

184 567 240 630 Nee
254 576 371 649 parcunt
383 566 497 649 quidum
510 565 646 629 turbatum
659 566 796 628 incessere
811 573 944 639 mentem,

224 648 397 732 linguarum
407 655 435 710 et
445 646 544 730 jaculis
557 646 648 709 saucia
661 645 741 709 corda
757 653 865 729 petunt.

189 809 286 887 «llic,
300 810 378 871 aiunt
387 807 410 883 ¹,
425 828 535 882 causes,
550 808 599 890 qui
613 824 706 871 rerum
719 809 921 890 hominumque
934 804 1039 869 labores

224 888 346 950 Arbitrio
356 888 443 950 credis
455 896 529 950 sture
542 889 657 970 regique
669 889 719 950 llei
733 910 741 949 r

186 968 246 1041 Quo
260 968 364 1031 scolere
376 968 507 1042 admisso,
521 971 623 1052 pariter
634 968 740 1049 periere
752 976 794 1031 tut
806 968 910 1031 urbes?
1005 973 1038 1021 2⁵

223 1048 278 1111 'lot
288 1048 362 1122 luce,
373 1055 416 1110 tot
429 1048 535 1130 populi,
568 1047 616 1109 uid
628 1068 755 1112 meruere
766 1046 851 1112 malil

186 1126 218 1190 Si
231 1136 305 1190 totus
318 1127 411 1190 Gallos
424 1148 485 1189 sese
497 1069 637 1190 effudisset
649 1128 679 1189 in
691 1148 772 1210 egros

226 1206 363 1280 Oceanus,
379 1208 463 1269 vastis
476 1208 538 1291 plus
551 1215 708 1291 superesset
721 1206 811 1289 aquis.
921 1233 923 1237 ·

187 1287 266 1359 Qudd
277 1289 345 1349 saud
358 1287 460 1349 desunt
471 1287 600 1370 pecudes,
615 1287 691 1378 quod
704 1286 809 1349 semina
824 1286 945 1367 frugum,

228 1364 844 1450 Quidquelocusnonestvitrbuscutoleis,
1005 1373 1042 1441 30Ι

189 1446 269 1518 Quod
283 1447 435 1510 fundorum
449 1447 523 1509 aedes
536 1447 577 1508 vis
590 1446 703 1508 abstulit
716 1446 787 1529 ignis
801 1445 949 1527 etimbris,

227 1526 349 1599 Quarum
363 1535 436 1589 sture
449 1527 484 1589 ali
505 1546 553 1589 uus
570 1526 674 1588 tristius
687 1534 730 1588 est
742 1546 842 1588 uacuus
855 1546 862 1586 ε

189 1604 221 1668 Si
233 1606 374 1669 toleranda
388 1606 453 1669 muli
466 1606 491 1669 lc
549 1607 560 1643 ²
575 1605 645 1669 heul
660 1606 735 1669 caede
748 1605 889 1669 decenni⁸

228 1684 382 1748 Vandalicis
395 1688 495 1770 gladiis
508 1687 657 1748 sternimur
670 1694 698 1747 et
712 1686 824 1750 Getieis.

190 1764 254 1827 non
268 1767 377 1829 castella
391 1768 488 1849 petris.
501 1787 558 1829 nou
571 1787 608 1850 op
628 1766 671 1828 ida
686 1767 828 1829 montibus
841 1766 904 1829 ultis
1004 1773 1036 1817 ³⁵

229 1845 365 1929 imposita,
382 1854 429 1909 aut
443 1846 525 1909 urbes
537 1786 664 1909 omnilous
678 1847 825 1928 aequoreis,

189 1923 326 1993 Barbarici
339 1947 469 2009 superare
481 1927 560 1990 dolos
574 1934 657 2008 atquc
670 1947 746 1988 erma
760 1927 861 1989 luroris

227 2004 360 2071 Ereluere
373 2024 471 2069 omnes
482 2028 490 2069 r
503 2007 599 2070 ultima
613 2006 787 2088 pertulimus.

189 2082 247 2147 Nec
256 2106 356 2168 querar
368 2088 530 2149 exstinctum
541 2087 618 2149 nullo
631 2086 792 2148 discrimine
803 2085 923 2165 plebem,

229 2164 303 2228 llere
315 2186 429 2249 quoque
442 2166 596 2249 primorum
613 2170 722 2227 cesset‘
733 2166 770 2226 ab
785 2164 899 2238 inridit,
1008 2171 1039 2217 40

190 2242 307 2308 lds'ores
320 2250 387 2308 auui
400 2266 437 2309 ne
450 2245 520 2309 lorti
532 2254 561 2309 et
572 2244 689 2327 nequior
702 2254 780 2319 uetus,

230 2266 343 2387 dilenso
358 2325 473 2389 tulerint
485 2345 547 2408 quae
560 2344 687 2387 meruere
700 2324 768 2385 lleo.

191 2403 262 2474 Quid
274 2405 355 2546 pueri
367 2407 501 2480 insontes,
514 2404 580 2487 quid
593 2404 758 2467 commisere
772 2402 880 2487 puellae,

229 2482 272 2545 Nu
295 2505 310 2546 a
324 2484 426 2567 quibus
438 2485 551 2549 dederat
561 2484 676 2547 erimina
689 2484 745 2546 vita
760 2484 867 2547 breris‘l

192 2561 280 2633 Quare
294 2564 460 2656 templellei
473 2566 553 2629 licuit
565 2563 722 2656 popularier
735 2565 812 2648 igni?
886 2622 890 2629 .
1007 2571 1040 2618 45
1135 2642 1139 2649 Ι

213 2642 287 2755 'Gur
298 2644 400 2709 violata
410 2646 482 2729 sacri
495 2666 559 2711 vasa
572 2645 738 2711 mrnistenr?

126 2868 134 2898 ¹
155 2868 231 2932 «llic,
242 2871 324 2930 aiunt,
335 2889 347 2917 ι
359 2877 406 2923 etc.
426 2872 460 2923 Le
530 2875 556 2921 te
578 2872 640 2922 dont
649 2872 762 2923 chceune
771 2872 815 2922 des
824 2870 918 2934 parties
926 2877 964 2923 est
979 2874 1039 2936 pre-

80 2938 157 3002 'nous
169 2931 216 2981 tait
224 2934 354 2984 munaitre
366 2934 397 2983 ici
416 2934 480 2983 lesu
495 2933 553 2994 jec-
579 2934 655 2983 cedde
664 2933 695 2983 de
705 2932 903 2997 laconjonction
914 2953 925 2981 α
936 2936 1013 2997 quod.
1026 2955 1037 2980 ι

93 2998 160 3042 trous
172 3007 220 3057 que
239 2995 276 3044 les
284 2995 417 3045 mulheurs
425 2995 461 3045 du
470 3001 554 3057 temps
611 2996 623 3026 ³
642 3014 653 3039 ι
671 2994 744 3045 Gaede
763 2996 879 3046 decenni.
892 3015 903 3040 o
915 2998 960 3047 Ces
974 3004 1040 3047 muts

91 3056 248 3107 soulevaient
256 3064 345 3107 contre
356 3057 381 3107 le
390 3058 566 3106 mildense·
578 3056 713 3119 indiquerrt
722 3070 771 3119 que
791 3058 815 3107 le
824 3059 859 3108 De
869 3059 1039 3108 Prouidentid

91 3115 130 3165 On
142 3126 204 3180 peut
213 3131 346 3180 comparer
358 3118 381 3168 le
390 3119 490 3169 tableau
501 3117 553 3167 sui·
577 3117 619 3167 fut
643 3119 760 3180 compose
784 3133 836 3170 une
855 3120 951 3171 dizaine
970 3120 1039 3168 d’en-

88 3187 153 3228 rant
163 3180 194 3231 de
203 3180 228 3229 lu
238 3180 394 3231 deuastatiou
405 3181 448 3230 des
458 3180 551 3229 Gaules
579 3180 638 3228 ntes
648 3182 720 3242 apres
738 3180 841 3231 l’entree
860 3183 903 3232 des
919 3181 1039 3230 barbares

109 3252 138 3289 er
157 3241 193 3291 les
212 3242 342 3305 barbares,
352 3256 413 3292 eree
429 3242 493 3292 eelui
504 3254 553 3303 que
578 3241 641 3290 daus
658 3242 694 3291 les
712 3244 811 3308 Gaules,
821 3243 972 3293 e'est-ddire
982 3256 1039 3293 vers

91 3253 160 3365 lyco
169 3304 277 3366 Prosper
287 3303 357 3367 place
374 3318 407 3353 uu
423 3316 553 3354 commen·
579 3303 629 3351 l'an
640 3307 694 3354 tro.

92 3370 194 3415 cement
207 3366 246 3415 dn
265 3366 354 3428 potine
374 3366 411 3415 Act
436 3368 550 3415 Uxorem.
586 3402 593 3415 .
612 3365 623 3395 ⁴
640 3384 651 3409 α
670 3368 777 3430 Querar,
796 3372 882 3416 cesset.
894 3382 905 3408 n
918 3365 963 3413 Cos
982 3366 1038 3415 suto

93 3424 405 3538 chyecpugctttuotep
578 3425 680 3499 jonetil's
704 3434 841 3540 marpuent
865 3440 913 3498 une
939 3438 1039 3497 eonces-

95 3506 169 3607 nul
192 3488 390 3611 tlttllnttl
404 3487 553 3625 truteno
580 3491 756 3627 lllls'ttlll
776 3492 808 3553 ‘³’
821 3510 832 3534 '
845 3488 1039 3560 ¹³¹³⁴¹¹‘⁶‘³¹'¹⁰f’
