2324 3960
345 187 499 239 CLAUDIUS
516 185 637 240 MARIUS
652 184 777 236 VICTOR.
1004 186 1046 233 eet

193 287 260 350 Pars
272 296 380 350 montes
389 288 525 370 silvasque
535 294 645 370 petunt,
664 306 727 368 pars
740 291 816 368 septa
831 284 948 347 cateruis
995 299 1046 344 777

175 369 312 452 ,Porrigit
324 371 436 451 ignavus
447 371 482 430 ad
495 368 581 430 tristia
592 367 699 430 vincula
715 365 830 449 palmas.

232 527 268 590 Ut
280 530 345 590 verd
357 536 470 611 patruus
482 536 592 610 captum
602 527 673 589 Loth
692 527 778 588 audiit
791 525 905 596 Abram,

193 608 255 670 Non
269 608 338 669 11717
350 609 427 690 (qnid
440 608 515 670 enim
528 608 611 669 ssetus
620 608 757 669 7777177771
769 606 859 668 177717
867 606 893 685 I)

196 688 253 751 Sed
265 688 365 750 virtute
375 698 452 771 purat
463 688 537 749 fratri
551 709 711 750 succurrere
722 696 811 770 capto.

196 769 346 830 Instructos
359 768 443 850 igitur
459 776 613 830 tercentum
625 769 723 851 deligit
731 768 808 829 omni
863 814 871 825 .
997 778 1046 823 775

195 849 236 911 De
246 869 330 930 grege
339 849 437 930 bisque
452 868 553 910 novem
562 847 680 910 fumqus
695 852 719 922 ¹,
734 868 804 930 quos
814 853 878 909 ante
892 851 1047 927 7777777177

143 978 151 989 .
195 928 352 1010 Insequitur
365 931 481 1001 sensim,
496 928 674 1009 quitendere
705 928 807 990 redidit
819 929 928 990 hostem
1108 938 1114 951 ·

195 1008 313 1070 lentum
326 1008 417 1091 praeda
429 1008 533 1090 gravis:
551 1028 670 1098 quorum
684 948 809 1070 denucte
819 1005 909 1071 silenti

196 1088 315 1169 Corpora
331 1088 472 1168 (conflictu
485 1088 553 1150 dum
561 1109 618 1169 pam
629 1088 789 1171 languentia
803 1089 872 1149 duro

196 1169 294 1250 Irrigat
306 1177 336 1231 et
347 1168 424 1229 fusos
442 1168 531 1229 duIcis
545 1188 628 1250 sopor
642 1169 736 1251 alligat
748 1174 832 1242 artus)
998 1177 1047 1224 777

196 1247 363 1330 Aggreditur
375 1249 416 1308 uiI
429 1256 577 1310 venturum
596 1248 648 1310 s'ibi
662 1254 717 1311 1717
735 1250 893 1338 putantum.

196 1327 233 1389 Ut
246 1348 333 1411 quum
345 1328 432 1409 jejuni
453 1328 543 1391 rabies
556 1348 657 1390 vesana
672 1330 761 1390 leoms

196 1407 227 1467 In
240 1408 378 1490 pecudum
389 1408 460 1470 saItu
493 1408 627 1470 enetruuit
639 1416 714 1488 septa
727 1404 846 1477 volucri,

196 1487 230 1548 Et
243 1488 326 1550 dente
338 1497 420 1570 atque
432 1430 501 1570 pede
514 1487 662 1560 exanimat,
677 1487 860 1569 cupidumque
871 1485 983 1548 vorandi
998 1492 1009 1524 ²

198 1567 237 1628 Ira
251 1568 352 1630 famem
365 1577 485 1648 superat,
502 1567 568 1628 dum
583 1575 653 1629 metu
664 1567 768 1628 doloris
782 1566 874 1628 acerbi
998 1583 1047 1629 777

196 1645 256 1708 Iam
277 1648 422 1709 ucovibus
437 1668 536 1709 vacuas
546 1647 667 1710 effecerit
677 1648 773 1711 ultima
786 1647 892 1709 caulas:

198 1669 276 1788 Haud
292 1747 372 1789 secus
385 1728 430 1790 iIIe
441 1727 527 1791 duces
538 1749 637 1790 somno
650 1729 770 1811 vinoque
782 1728 915 1810 sepuItos‚

196 1805 437 1889 Stamentesque³
457 1810 559 1871 Abram
561 1809 697 1949 populos,
720 1828 853 1890 regesque
865 1806 992 1877 trucidat,

197 1886 244 1948 Sic
255 1896 348 1948 tamen
360 1898 391 1951 ut
404 1889 497 1951 nullus
506 1910 558 1951 con
572 1889 656 1951 undat
671 1897 756 1950 castra
768 1889 915 1949 tumultus.

196 1966 284 2028 Nemo
293 1968 410 2047 gradum
419 1971 513 2041 sentit,
521 1969 576 2029 nisi
586 1989 671 2050 77777
685 1966 983 2044 mensdeficitetvox3
999 1982 1049 2026 777

196 2045 285 2108 Nemo
298 2067 398 2108 sonum
413 2048 507 2119 caedis,
523 2047 671 2128 nisiquem
683 2066 761 2106 mors
778 2045 889 2117 excitat,
900 2044 987 2105 audit.

196 2124 340 2206 Sanguine
349 2133 449 2185 cuncta
463 2124 595 2184 madent:
611 2124 684 2184 sicco
698 2123 817 2183 resoluta
830 2128 951 2184 uereno⁴

198 2205 293 2265 TeIIus
307 2203 369 2262 tube
386 2203 450 2263 coit.
468 2206 650 2282 gressumque
661 2209 785 2260 morante
797 2220 893 2261 cruore

201 2282 315 2341 Lubrica
328 2279 465 2358 stagnanti
476 2277 595 2338 titubant
603 2279 718 2368 vestigia
732 2298 840 2360 cumpo.

198 2360 256 2417 Nec
268 2366 360 2416 tumen
374 2377 458 2417 omne
470 2358 595 2418 animans
604 2357 703 2438 gladius
714 2357 854 2420 occumbit
865 2357 976 2442 apertio,
999 2377 1048 2423 777

199 2437 350 2496 Servantur
365 2435 463 2518 praedae
474 2458 480 2495 ε
492 2445 566 2498 17717
578 2449 621 2498 771
635 2437 785 2500 moderatio
791 2438 859 2522 justi
920 2457 924 2463 ’

197 2517 327 2577 Victoris.
345 2516 477 2598 IIequuos
490 2517 591 2598 sparsit
604 2518 667 2602 fuga
680 2519 778 2600 turpis,
795 2527 823 2582 et
836 2540 919 2602 agros

197 2597 289 2680 Usque
302 2597 487 2661 Damascenos
502 2603 513 2637 ⁸
530 2599 634 2662 instans
644 2599 763 2662 formido
774 2609 867 2663 secuta
879 2609 933 2664 est.

237 2759 273 2820 At
290 2756 380 2821 victor
390 2761 458 2821 tanti
471 2761 511 2822 nil
524 2769 616 2825 motus
630 2761 712 2825 Iande
725 2762 869 2847 triumphi,

134 2959 142 2986 ¹
166 2956 341 3026 «Tercentum
358 2954 446 3017 bisque
464 2970 557 3006 novem
628 2960 1050 3026 1«8177777177,»7777717777177-

101 3020 228 3075 17777777,
249 3036 261 3060 a
283 3023 345 3066 trois
374 3024 431 3067 cent
447 3018 558 3068 dix-buit
598 3021 698 3071 duusur
709 3022 822 3072 laturre.

103 3081 249 3150 serviacum.
412 3141 417 3150 ¹
628 3084 1048 3148 *78177777771717,717.,»1717777,

132 3144 143 3172 ²
155 3162 166 3186 a
177 3142 299 3204 cupidam
311 3140 496 3202 vorund1,ctc.‚
510 3154 559 3191 »ua
597 3145 733 3196 reduiteen
747 3148 1051 3211 77777177777717777177-

100 3205 181 3255 colere
199 3205 281 3253 777711
302 3206 317 3252 a
337 3218 364 3252 77
381 3203 444 3252 duim
457 3216 557 3260 777777,
597 3207 1048 3272 77777777777777777777777177777.

101 3268 117 3313 7
135 3281 162 3315 su
182 3267 305 3325 voracite,
315 3272 340 3315 et
356 3279 383 3314 77
403 3266 498 3315 7777117
520 3265 532 3314 1
549 3293 558 3300 -
628 3273 751 3334 “augens
761 3272 936 3332 Damasoenos,
948 3271 991 3319 ale
1001 3277 1050 3320 ter.

102 3341 162 3376 7777
175 3329 215 3377 n’a
224 3328 255 3378 de
273 3336 353 3378 terme
372 3341 423 3390 que
444 3327 557 3388 lorsqu'it
599 3332 685 3382 7117177
708 3334 739 3382 de
759 3335 858 3382 Damas.
881 3334 987 3392 Damas,
1005 3332 1050 3394 qui

102 3390 143 3451 u'y
154 3392 234 3452 77177
246 3390 277 3439 de
293 3390 377 3440 brebis
389 3391 452 3439 dans
469 3391 493 3438 17
504 3389 560 3439 ber-
595 3395 698 3445 existuit
718 3396 776 3458 dejt
794 3396 829 3444 du
847 3402 928 3455 temps
948 3392 1051 3441 71311777-

102 3451 180 3556 geria.
192 3470 203 3496 a
215 3452 381 3503 Ultimamcta
390 3452 482 3502 dotorIu
490 3466 558 3501 acer·
597 3456 670 3518 hum,
679 3464 717 3506 est
728 3470 819 3506 encore
830 3453 990 3518 aujourd'bui
1001 3468 1051 3502 unu

121 3524 126 3556 7
138 3518 196 3580 »est
214 3513 236 3561 Ie
257 3515 324 3576 sujet
334 3515 368 3564 du
383 3515 461 3565 verbe
472 3535 484 3560 a
494 3514 556 3565 etse·
594 3518 639 3566 des
650 3519 721 3568 711177
732 3520 768 3567 177
779 3518 835 3580 7177
846 3519 1008 3582 imponantes
1020 3516 1051 3565 de

103 3577 199 3628 Gemi-³
595 3582 618 3630 17
628 3580 738 3657 Turquie
749 3579 840 3630 d’Asie.
922 3635 927 3641 ,
993 3590 1004 3638 j
1048 3600 1052 3609 ¹
