2324 3960
105 150 129 203 X
504 148 653 211 PREFACE.

199 258 265 319 Quot
276 264 321 310 tua
330 259 464 323 progenies
474 260 537 312 coelo
548 261 677 314 deseendit
687 263 719 313 ab
730 263 790 315 alto.

196 330 290 382 Attulit
300 337 326 381 et
337 331 409 381 nobis
420 332 555 396 aliquando
567 336 713 398 optantibus
727 342 788 396 aetas

197 402 326 453 Auxilium
338 403 526 467 adventumque
538 407 595 455 llei:
604 420 685 471 quum
697 408 793 459 lamina
804 409 916 470 primum

198 470 313 536 Virginis
323 486 351 523 os
362 474 529 539 habitumque
540 490 631 541 gerens
643 478 770 541 (mirabile
782 479 872 543 dictu),

198 542 249 593 Nec
260 545 362 608 generis
373 546 452 596 nostri
465 560 575 609 puerum
587 563 634 600 nee
645 551 776 614 sanguinis
787 550 855 600 edit:

197 614 307 679 seraque
319 616 423 667 terrifici
435 619 582 670 cecinerunt
594 622 681 671 omniu
693 628 771 685 vates,

197 686 340 749 Adventare
352 689 438 739 virum
450 691 549 753 populis
560 692 685 763 terrisque
697 695 845 756 superbum,

197 756 299 809 sumine
311 760 342 810 ab
353 761 472 825 aethereo,
485 762 529 824 qui
541 763 638 814 viribus
649 773 753 828 occupet
765 766 865 828 orbem,

197 827 338 897 Imperium
349 844 451 896 occano,
464 831 559 883 lamam
571 833 615 900 qui
628 834 749 887 terminet
759 835 833 887 astris
842 837 861 890 ¹,

279 1000 283 1005 ’
336 1012 510 1064 uatssnneu
526 1001 821 1063 parisuscurusna

228 1152 289 1212 Qua
300 1164 367 1203 nova
377 1152 420 1203 lux
432 1153 536 1214 mundo,
549 1146 606 1215 qua
617 1156 670 1201 toto
681 1151 762 1215 gratia
774 1149 857 1200 eoelo?

197 1222 259 1282 Quis
270 1224 319 1275 luit
329 1223 372 1274 ille
383 1223 460 1287 nitor,
474 1224 560 1274 llariae
571 1235 653 1286 quum
665 1222 780 1271 Christus
791 1222 823 1272 ab
834 1222 891 1271 alvo

196 1294 319 1347 Processit
329 1296 460 1361 splendore
472 1295 556 1346 novo?
567 1294 637 1345 velut
648 1294 701 1356 ipse
713 1293 803 1343 decoro

195 1368 304 1430 Sponsus
315 1382 393 1419 ovans
403 1368 524 1430 thalamo,
536 1365 619 1416 forma
630 1364 755 1428 speciosus
766 1365 866 1415 amoeud

196 1438 250 1489 rrae
261 1441 327 1492 natis
338 1442 484 1504 hominum,
496 1441 569 1504 cuius
580 1439 694 1489 radiante
706 1437 790 1502 figura

196 1510 317 1562 Blandior
327 1513 354 1562 in
366 1512 439 1563 labiis
450 1513 542 1563 diffusa
553 1518 590 1562 est
601 1510 684 1576 gratia
695 1509 817 1574 pulchris-

198 1580 219 1632 0
230 1582 310 1634 facilis
321 1585 414 1648 pietus!
427 1597 460 1634 ne
472 1598 518 1635 nos
529 1583 620 1634 servile
632 1590 741 1645 teneret,

196 1654 301 1708 Peceato
312 1657 468 1717 dominante,
478 1661 579 1722 iugum,
591 1656 693 1706 servilia
704 1670 821 1706 summus

195 1726 312 1779 Membra
323 1728 383 1780 tulit
393 1729 526 1788 Dominus,
539 1728 664 1792 primique
676 1729 707 1778 ab
718 1730 816 1793 origine
828 1730 917 1781 mundi

196 1796 288 1849 Omnia
300 1801 343 1863 qui
356 1801 465 1864 propriis
477 1801 552 1851 vestit
563 1801 691 1852 nascentia
703 1800 785 1864 donis,

195 1869 296 1923 Obsitus
306 1872 405 1938 exiguis
416 1873 507 1924 habuit
518 1873 646 1924 velamina
657 1874 748 1937 pannis
760 1888 766 1923 ε

95 1984 98 1989 ,
198 1942 330 2009 Quemque
343 1946 472 2008 procellosi
484 1959 534 1997 non
547 1946 648 1996 mobilis
660 1946 727 1996 unda
739 1944 866 2009 profundi,

155 2030 163 2043 ⁴
195 2013 330 2067 Terrarum
342 2031 394 2068 nou
405 2032 480 2069 omne
492 2018 584 2080 solum,
596 2019 753 2081 spatiosaque
766 2018 810 2067 lali

194 2082 251 2136 Non
262 2088 329 2152 capit
339 2088 398 2139 aula
409 2089 470 2153 poli,
483 2088 575 2153 puerili
587 2089 614 2138 in
626 2102 730 2152 corpore
742 2088 832 2151 plenus

196 2155 297 2223 llunsit,
310 2166 337 2213 et
348 2168 455 2226 augusto
467 2162 533 2212 Deus
544 2160 571 2210 in
584 2173 695 2225 presepe
707 2160 812 2223 qauevit.

226 2303 309 2361 Salve,
321 2313 407 2361 saneta
418 2318 519 2369 parens,
531 2304 605 2356 enixa
616 2316 742 2369 puerpera
753 2317 851 2368 regem,

197 2371 247 2431 Qui
258 2374 350 2423 ooelum
360 2381 507 2435 terramque
519 2381 589 2423 tenet
601 2389 646 2436 per
658 2374 846 2436 saeeala„cujus
872 2406 875 2411 -

95 2442 98 2447 '
193 2441 305 2501 Numen,
318 2449 343 2493 et
354 2448 449 2493 aeterno
460 2442 629 2504 complectens
640 2443 726 2490 omnia
737 2455 801 2503 gyro

194 2511 332 2577 imperium
344 2514 398 2564 sine
410 2513 462 2563 fine
473 2517 570 2575 manet,
582 2525 638 2575 que
649 2516 738 2561 ventre
750 2511 823 2560 beato

194 2584 290 2634 Gaudia
302 2585 391 2636 matris
401 2585 567 2643 habenarum
578 2582 732 2646 virginitatis
743 2582 847 2644 honore,

102 2690 106 2695 -
195 2656 247 2705 Nec
257 2655 368 2718 primam
379 2655 489 2706 similem
501 2654 555 2704 visa
566 2667 601 2712 es.
615 2667 661 2704 nee
672 2653 765 2704 habero
776 2659 940 2718 sequentem3

194 2726 252 2777 Sola
262 2727 316 2778 siue
327 2727 443 2791 exemplo
454 2725 571 2791 placuisti
583 2724 678 2775 semina
688 2723 801 2775 Christo!

139 2930 1044 3015 Pourquoidoucs’ohstinerdeonsaererexelusivementles

100 3033 230 3099 fralehes
243 3033 355 3099 anneus
369 3036 406 3098 de
415 3040 502 3098 notre
514 3037 658 3116 jeunesse
672 3032 690 3096 i
703 3033 755 3097 des
768 3033 849 3097 ide'es
860 3037 914 3116 qui
928 3057 968 3101 ne
982 3041 1046 3104 doi-

101 3139 175 3197 vent
187 3132 256 3215 plus
265 3132 400 3214 revivre3
413 3132 585 3211 isacrifien
595 3151 649 3197 sur
659 3131 771 3213 l'autel
782 3130 893 3196 demoli
908 3135 959 3199 des
972 3136 1046 3203 faux

136 3351 145 3383 ¹
171 3349 233 3400 «ln
251 3350 442 3402 Testamentum
466 3351 568 3401 Novum
593 3351 718 3402 centones
743 3348 898 3414 virgiliani,
919 3354 1046 3408 »edition

102 3420 428 3487 d'lienriEetienne,1578.
466 3420 469 3427 '
503 3448 507 3453 ·
577 3436 582 3447 ·

134 3494 147 3525 ¹
165 3514 177 3541 ι
189 3494 284 3547 sedulii
296 3496 368 3559 opus
380 3495 507 3547 Pureltele
517 3533 524 3557 ,
536 3516 548 3542 u
562 3496 678 3562 composa
690 3510 749 3547 sous
759 3496 797 3547 les
808 3509 957 3560 empereurs
968 3499 1046 3553 Theo-

101 3565 161 3621 doro
172 3566 197 3618 le
207 3566 288 3621 leuno
299 3570 326 3620 et
336 3566 499 3621 Valentiuien
510 3568 553 3634 111,
565 3575 638 3620 entre
651 3570 696 3619 tau
708 3575 734 3619 et
744 3572 802 3620 tao.

39 3726 67 3746 Ιι.
