2324 3960
460 152 544 202 Tl'llO
560 152 710 202 PROSPER.

201 253 310 333 Quique
324 253 416 334 ipsum
430 252 516 313 multa
530 272 594 314 cum
609 252 752 335 majestate
767 250 943 313 tremendum
1018 261 1054 304 tt»

239 333 405 414 Exspectant
418 332 516 414 pingui
528 332 658 414 lampade
671 330 817 473 qrervig'rles
828 336 850 410 ¹,

198 411 246 473 His
260 411 373 473 sordent
386 420 506 488 terrena,
520 420 615 494 patent
628 411 760 483 emostis,
776 430 829 473 nec
841 430 871 472 se

236 491 363 582 Captivos
377 510 471 553 servos
482 492 613 574 temporis
626 490 710 573 hujus
723 498 819 572 agunt.

197 569 260 630 Non
274 570 336 631 illus
347 570 429 631 fallax
443 572 516 652 cepit
529 570 662 652 sapientia
676 571 784 645 mundi,

184 650 186 655 ’
238 649 296 711 Nec
309 670 388 711 curas
402 650 509 712 steriles
519 651 660 712 inseruere
672 650 776 733 pulis&

199 729 239 789 lm
260 729 316 790 eria
330 737 359 791 et
371 730 470 803 fasces,
483 729 587 792 indocti
601 749 715 791 mucra
727 728 816 819 vulgi,

238 749 369 890 ltcasquc
382 810 456 871 orbis
469 811 604 872 scelerum
616 809 723 871 semina
734 808 801 871 laert
813 828 892 891 opes,

198 887 354 959 calcarunt,
368 893 462 951 sanctl
476 891 579 952 cuelnm
591 889 742 951 ambitione
755 897 890 971 petentes,
998 946 1002 953 .

238 966 508 1050 Suffragiis,Cbristi‚
522 976 551 1031 et
564 969 705 1051 plausibus
718 968 862 1050 angelicis.

197 1046 254 1109 Nec
268 1048 346 1109 labor
358 1049 411 1109 hos
424 1049 511 1110 durus
524 1049 619 1127 uincit,
632 1068 685 1111 nec
697 1046 796 1109 blanda
808 1049 943 1129 voluptas.
1019 1054 1054 1099 7⁵

239 1127 366 1198 Quaerere
379 1127 419 1188 nil
432 1130 556 1210 cupiunt,
572 1128 688 1209 perdere
698 1128 737 1189 nil
749 1136 887 1190 metuunt.

198 1207 246 1270 llle
260 1207 335 1269 Deus
349 1226 452 1279 rerum,
469 1207 533 1268 coeli
546 1214 681 1288 terraque
694 1217 811 1281 creator,

239 1289 283 1349 lle
295 1294 406 1369 propter
419 1292 495 1348 sacru
506 1286 619 1368 Virgine
632 1294 716 1347 natus
731 1287 816 1348 homo
828 1294 882 1352 est.

197 1366 304 1446 Flagris
316 1366 407 1440 dorsa,
422 1367 507 1459 alapis
518 1364 655 1444 maxillas,
668 1384 715 1426 ora
727 1365 821 1427 salivis
938 1366 941 1371 '

237 1445 367 1519 Praebuit,
381 1456 408 1508 et
420 1447 470 1529 ligr
481 1467 512 1508 se
524 1464 606 1507 cruce
617 1464 675 1506 uun
687 1444 789 1505 renuit.
967 1504 970 1509 ,
1019 1456 1052 1499 8⁰

197 1523 261 1585 Nun
272 1539 303 1585 ut
316 1533 391 1586 tanta
406 1526 464 1587 lleu
477 1526 629 1608 quidquam
641 1523 772 1607 patientia
785 1523 880 1601 ferret,

238 1602 325 1684 Cujus
338 1623 391 1663 uec
404 1613 543 1679 crescunt,
555 1624 610 1666 nec
622 1604 787 1665 minuuntur
800 1622 867 1684 opes
882 1624 890 1661 z

198 1681 265 1753 Sed,
279 1681 424 1764 quoderat
436 1684 560 1744 vitiatum
575 1683 604 1743 in
618 1704 672 1759 mc,
687 1690 719 1743 ut
729 1690 870 1766 superaret
882 1682 912 1744 in
922 1682 969 1745 illo
980 1684 1002 1756 ⁵,

237 1763 338 1824 Factus
352 1782 415 1822 sum
429 1762 531 1824 Christi
544 1763 677 1844 corporis,
691 1763 740 1824 ille
753 1763 819 1824 mei.

197 1842 242 1904 llle
255 1843 341 1924 gessit
355 1842 486 1915 moriens,
501 1843 631 1904 mcvictl
644 1844 809 1904 murtercsu
842 1862 902 1915 ens,
944 1856 947 1861 '
1017 1852 1053 1896 8⁵

237 1923 270 1984 Et
285 1942 381 1984 secum
394 1922 429 1983 ad
442 1922 550 1983 Patrem
563 1942 609 1984 me
621 1941 705 2005 super
716 1931 788 1983 astra
799 1930 828 1982 tu
840 1923 871 1982 it.

197 2001 336 2074 Quidnam
350 2002 435 2143 iqitur
447 2005 523 2063 tantu
534 2021 583 2084 pru
594 2021 645 2084 spe
655 2002 773 2063 tolerare
786 2001 933 2063 recusem?

237 2085 294 2143 Aut
306 2082 355 2164 qui
386 2082 447 2153 erit,
463 2085 538 2163 quud
551 2101 596 2142 me
609 2090 717 2164 separet
729 2101 744 2141 a
756 2081 876 2142 llcmiuo
887 2081 919 2139 ⁸?

198 2163 295 2245 lgnem
310 2162 421 2237 adhibe,
436 2161 536 2224 rimare
550 2181 634 2235 manu
647 2180 709 2221 mea
722 2160 838 2235 viscera,
851 2166 956 2222 turtur:
1080 2206 1087 2215 .

238 2243 379 2326 Effugient
389 2262 485 2326 poerras
499 2241 623 2304 membra
636 2240 726 2302 seluta
737 2249 810 2301 tuas.
1015 2248 1052 2292 ⁹⁰

199 2321 313 2384 Camere
326 2323 350 2384 si
365 2343 439 2385 cacco
452 2321 573 2394 claudar,
588 2329 737 2402 nectarque
751 2320 866 2394 catenis,
1048 2340 1051 2347 ·

238 2400 321 2461 Liber
333 2402 361 2461 in
376 2420 491 2461 excessu
505 2400 608 2461 mentis
621 2400 704 2461 adibo
716 2398 817 2461 Deum.

123 2520 126 2525 -
198 2477 229 2537 Si
244 2498 377 2539 mucrone
392 2487 468 2560 paret
480 2479 616 2541 cervicem
628 2478 788 2541 abscindere
800 2477 891 2549 lictor,

239 2556 411 2638 lmpavidum
425 2557 550 2620 inveniet
563 2582 570 2618 :
584 2560 736 2632 morsella,
750 2576 833 2640 praua
847 2555 948 2616 brevis.

197 2634 259 2697 Non
268 2645 363 2697 metuo
371 2636 494 2709 exilium,
507 2639 627 2699 muudus
636 2639 737 2700 demtis
744 2634 874 2699 omnihus
883 2653 938 2693 una
946 2640 1001 2695 estc
1017 2641 1053 2687 95

237 2714 345 2797 Spernu
357 2715 470 2788 laruam,
484 2716 596 2779 Domini
610 2717 641 2778 fu
652 2718 722 2779 milri
735 2734 827 2779 sermo
841 2712 930 2775 cibus

197 2793 255 2856 Nec
270 2805 363 2857 tamen
377 2795 429 2856 ista
441 2795 510 2857 milri
524 2797 558 2859 de
571 2816 618 2859 me
631 2796 733 2860 liducia
745 2794 844 2876 surgit,

134 3029 175 3074 ¹«
200 3029 290 3091 Pingui
314 3031 430 3094 lampade
453 3035 558 3094 nervigl-
587 3032 710 3083 sterilesa
723 3025 1050 3090 l’ttuuadesphtncmenes

101 3091 146 3140 lcs.
159 3106 173 3135 »
192 3090 329 3142 Allusloub
342 3095 365 3143 la
384 3095 501 3157 parabole
513 3096 558 3145 des
588 3095 698 3145 celestes.

100 3154 557 3218 dlxvierges3voyeasa‘rntllatrh'reu,
620 3156 664 3202 ³«
696 3154 725 3203 ln
747 3150 833 3200 dle.»
866 3147 1055 3198 Suus-entendu

101 3215 143 3266 ch.
155 3228 214 3264 xxv.
227 3216 272 3264 Les
288 3220 381 3277 viergcs
399 3218 470 3268 lulles
490 3222 560 3269 n’uut
591 3215 746 3278 «supplicio.
763 3227 778 3259 c

100 3290 145 3341 pas
155 3276 250 3327 d'huile
259 3279 322 3326 dans
332 3277 387 3326 leur
403 3279 487 3342 lumpc
497 3281 559 3330 lors-
621 3278 632 3309 ⁴
650 3275 1056 3338 chobtcempruntccettepen-

101 3352 151 3399 quc
179 3341 248 3389 vleut
271 3338 387 3402 l’epuua.
409 3341 559 3392 c'est-adlre
590 3339 655 3391 sled
667 3339 738 3387 scint
753 3336 826 3396 Paul,
838 3335 924 3397 Epitre
937 3348 987 3383 aux
1005 3332 1056 3381 Ru-

101 3401 277 3451 lesus-Christ.
591 3404 683 3459 malus,
696 3399 738 3450 ch.
752 3412 789 3458 ur,
799 3412 825 3450 v.
837 3402 885 3449 35:
900 3412 914 3444 a
926 3397 987 3458 Quis
996 3407 1056 3468 erqo

134 3463 178 3511 ”u
198 3464 247 3512 Nec
269 3476 372 3513 curas...
395 3462 467 3526 polis.
490 3480 507 3510 u
527 3464 560 3514 lls
591 3463 798 3525 nusseparublta
810 3458 1057 3510 charltatecbusn?

104 3526 173 3574 n'unt
195 3529 263 3588 putul
283 3525 398 3576 cunsucrc'
415 3525 459 3575 des
475 3526 561 3575 scillas
592 3523 742 3576 tribulatio?
755 3537 789 3574 an
801 3522 942 3586 augustia?
963 3532 995 3569 au
1016 3517 1058 3568 la-
