2324 3960
516 182 688 235 PllUDENCE.

392 352 469 404 1ἸΙΙ,
484 353 629 415 Hymnus
645 355 846 416 Eplplianloe.

120 512 452 589 Quicumque¹.Christum
460 513 593 590 queritis,
650 516 702 586 En,
714 516 817 572 Persici
826 530 859 572 ex
873 514 945 571 orbis
960 513 1031 586 sinu,

104 587 202 644 Oculos
214 586 243 642 in
255 586 336 642 ultum
351 587 449 658 tollite,
613 586 660 643 Sol
674 587 746 643 unde
757 586 840 643 sumit
852 587 960 656 januam
976 587 999 656 ⁵,

102 658 160 741 lllic
173 656 266 715 licebit
279 656 368 741 visere
612 654 737 714 Cernuiit
750 658 829 730 periti
844 657 1007 741 interpretes

102 728 216 803 Signum
229 744 357 800 perennis
369 729 470 804 glorie.
610 728 711 801 Regale
723 730 850 786 uexillum
863 730 942 815 biugi.
987 788 990 796 ,

134 879 197 937 llmc
212 880 301 951 stella,
312 898 371 954 quae
386 882 451 939 solis
464 888 552 940 rotem
646 880 724 949 Quod
737 886 767 936 ut
778 878 897 947 refulsit,
913 882 1006 939 ceteri

101 952 193 1009 Vincit
204 952 301 1009 decore
314 968 345 1008 uc
359 954 472 1024 lumine,
609 953 720 1009 Cessero
735 954 871 1026 signoruni
892 952 975 1023 globi,

101 1023 215 1081 Venisse
225 1025 305 1081 terris
319 1024 423 1081 nuntiet
609 1023 665 1080 Nec
680 1024 793 1096 pulcher
806 1030 847 1079 est
861 1039 940 1079 ausus
951 1038 1028 1080 suern

101 1098 168 1154 Cum
184 1110 266 1154 curuo
280 1096 404 1175 terrestri
418 1099 517 1152 Deum.
610 1095 740 1153 Conferre
750 1095 864 1152 lormem
876 1095 982 1153 lucifer.

136 1248 195 1306 Non
208 1246 254 1304 ille
266 1247 350 1306 seruit
362 1245 500 1319 noctibuS,
647 1265 660 1296 «
677 1246 742 1314 Quis
754 1249 808 1305 iste
822 1255 923 1319 tantus,
934 1246 1068 1321 inquiunt,

101 1318 198 1377 Secuta
210 1320 302 1377 lunam
316 1324 485 1376 menstruam
501 1334 509 1373 ε
608 1316 757 1387 Regnator,
772 1322 850 1376 nstris
862 1321 1009 1392 imperans,

101 1390 154 1448 Sed
167 1391 223 1446 sola
235 1393 333 1448 culum
345 1389 497 1463 possidens,
609 1386 695 1454 Quem
709 1388 748 1443 sic
763 1395 885 1446 tremunt
896 1391 1026 1459 coelestie,

101 1460 216 1519 Cursum
230 1461 336 1519 dierum
351 1467 493 1535 temperet.
609 1457 658 1515 Cui
672 1458 718 1515 luii
730 1464 758 1515 et
773 1459 856 1515 aetlira
865 1462 1037 1521 inserviunt?

137 1614 236 1670 Arcton
250 1610 373 1686 quemvis
388 1612 503 1671 sideru²
646 1628 661 1664 i>
672 1611 776 1669 lllustrc
786 1610 911 1685 quiddam
922 1612 1070 1680 cerninus,

102 1682 424 1742 luseretortismotibus
611 1683 688 1753 Quod
703 1683 806 1741 nesciat
817 1681 897 1740 finem
910 1685 977 1767 pati,

101 1754 185 1813 Obice
200 1754 213 1792 ³
228 1754 325 1823 nolint,
342 1759 460 1811 ettamen
610 1753 741 1820 sublime,
766 1755 879 1824 cclsuui,
910 1755 1079 1812 interminum

102 1826 264 1899 Plerumque
279 1825 327 1883 sub
339 1824 439 1882 nimbis
451 1826 546 1883 latent.
610 1826 755 1900 Antiquius
767 1825 836 1882 celo
852 1834 878 1882 et
892 1827 969 1884 cliuo.
985 1847 999 1880 t)

135 1976 193 2035 lloc
203 1976 277 2034 sidus
290 1976 425 2033 eternum
435 1984 537 2048 manet,
646 1978 696 2035 llic
711 1978 756 2033 ille
768 1978 825 2032 Reii
838 1984 878 2033 est
891 1976 1025 2048 gentium,

100 2050 165 2119 liaec
177 2049 253 2106 stella
265 2063 403 2121 uunquam
416 2050 558 2123 mergitur,
609 2049 757 2122 Populique
768 2049 825 2105 Ilex
836 2052 851 2103 J
854 2046 953 2114 udaiei,

102 2122 169 2187 Nec,
181 2120 260 2177 nubis
272 2133 388 2176 occursu
398 2119 496 2190 abditu,
610 2121 760 2177 Promissus
774 2118 888 2175 Abrelim
902 2117 986 2191 patri,

102 2192 252 2252 Obumbiut
265 2190 408 2249 obductum
422 2192 517 2251 lacem.
608 2190 727 2264 Ejusque
742 2191 771 2246 in
782 2206 868 2248 mirum
878 2189 985 2246 semini.

139 2343 235 2400 Tristis
251 2349 355 2401 comete
368 2344 520 2416 intercidet,
644 2341 785 2416 AEqnunda
797 2359 860 2401 nem
877 2343 965 2400 stellis'
980 2359 1026 2402 sue

100 2414 263 2486 llt,siquod
277 2419 379 2469 astrum
394 2414 458 2472 sirio
609 2412 743 2486 Cognovit
755 2415 820 2472 olim
831 2413 979 2489 germine6

102 2485 201 2540 Ferret
212 2499 313 2555 vapore
326 2482 350 2549 ⁴¹,
361 2483 416 2556 jam
432 2486 485 2543 Dei
608 2484 715 2541 Primus
724 2491 798 2542 sutor
810 2486 989 2554 credentium,

102 2552 159 2611 Sub
168 2554 230 2613 luce
241 2555 407 2614 destructum
420 2557 507 2615 cedet.
609 2555 667 2613 Nati
679 2555 832 2614 immolatur
845 2557 929 2613 unici.

100 2778 245 2838 nujourdu
268 2782 397 2845 jugement
416 2781 513 2832 dernier
533 2779 559 2832 la
582 2782 704 2833 rienneut
725 2779 873 2839 invisibles,
902 2792 951 2843 que
980 2781 1043 2831 lors-

100 2842 214 2890 crolxlra
234 2857 291 2905 pera
312 2857 409 2893 comme
426 2844 451 2894 ln
472 2843 559 2894 loudie
582 2844 687 2907 qu'elles
720 2850 777 2894 sout
806 2843 909 2893 cucbees
933 2856 979 2907 pur
1006 2844 1042 2894 les

101 2902 137 2952 les
147 2857 382 2976 regnrgsdesluils.
583 2918 688 2971 nueges.
706 2966 711 2977 ⁸

134 2967 142 2995 ¹
161 2964 224 3014 Vens
236 2966 377 3028 rambrques
386 2967 507 3019 dimetres
519 2967 559 3018 re·
615 2970 627 3000 ⁸
643 2988 655 3013 ιι
667 2968 750 3026 obire,
763 2985 776 3012 o
792 2981 818 3018 se
829 2968 947 3019 coucher.

102 3026 379 3140 nuntientur
395 3033 558 3142 trun
648 3029 1042 3143 suiuunt,nerium

99 3152 199 3203 Oursee
216 3150 263 3201 Ces
280 3125 347 3201 deux
357 3214 361 3224 Ι
372 3128 559 3205 ἇοηεῑεᾙαῐίοηε
583 3106 954 3227 eipaffe'etoiiegffiaffimeuie.
972 3105 988 3155 p

100 3214 156 3265 font
178 3214 235 3264 leur
255 3213 397 3264 revolution
417 3223 509 3266 eiitour
523 3218 558 3268 du
615 3218 626 3248 l
645 3217 800 3267 uterinam»
813 3216 959 3278 equitante
976 3229 1041 3265 ‹ror-

100 3278 177 3341 pole,
194 3290 227 3327 eii
248 3282 313 3326 sorte
331 3276 435 3338 qu'elles
456 3292 565 3341 percon,
583 3285 647 3329 tuin.
662 3300 674 3324 it

100 3348 159 3391 rent
171 3352 307 3402 unespocc
330 3339 520 3403 tresrestrcint,
533 3348 559 3392 et
615 3342 627 3375 θ
646 3361 656 3387 ι
678 3342 728 3391 Suu
745 3341 872 3405 germine,
885 3360 896 3384 i
910 3353 937 3389 sa
957 3340 1041 3402 poste-

100 3403 252 3452 revieuueut
281 3398 379 3450 bientbt
403 3401 419 3448 b
442 3399 559 3453 l’endroit
583 3405 641 3455 rite.
665 3405 729 3455 liicu
749 3404 786 3453 dit
806 3404 821 3450 b
841 3403 978 3464 nbrulieni,
999 3403 1042 3451 Ge·

100 3464 159 3514 il’oil
171 3464 231 3513 elles
246 3464 339 3513 etaient
351 3462 453 3526 parties.
466 3482 477 3507 «ι
491 3464 521 3512 ln
532 3478 558 3515 se
582 3467 650 3527 nese,
661 3466 702 3516 ch.
715 3480 755 3529 iii,
768 3481 792 3514 v.
806 3470 820 3515 5
834 3480 840 3514 :
853 3485 865 3510 (ι
879 3465 980 3528 Suspice
993 3478 1043 3515 cm-

99 3525 200 3575 retortis
222 3526 340 3577 motibus.
362 3544 373 3569 i
396 3524 463 3575 Elles
480 3538 513 3576 ue
532 3539 558 3577 se
583 3526 639 3577 lum
651 3536 677 3579 et
688 3542 795 3579 numeru
807 3529 905 3592 stelles,
921 3528 941 3577 si
955 3536 1041 3595 potes3

99 3587 225 3638 couctieut
236 3588 325 3656 point,
346 3594 371 3642 et
391 3587 452 3640 elles
472 3600 504 3639 ne
516 3587 559 3641 ‹le-
581 3589 616 3641 sic
628 3591 677 3646 erit
688 3604 774 3649 semen
789 3600 872 3644 tuum.
887 3611 899 3639 i
