2324 3960
60 3660 117 3680 fin...

530 197 622 247 salsa
637 196 796 247 BERNARD·

263 296 358 353 i'iores
369 296 444 351 nerui

263 368 357 423 Solent
367 366 444 422 cerui

226 440 369 510 Voluptate
379 438 476 502 nimii,

263 511 303 565 Tu
318 511 436 566 delectas

263 582 365 637 dientes
376 588 465 637 rectas

227 652 400 709 Praecotienti
412 652 505 726 gratia.

263 841 330 895 Nam
340 840 363 894 si
373 840 453 894 dores

262 911 334 965 Dant
347 910 445 966 odores

227 983 260 1037 Et
273 982 398 1037 decorem
415 978 569 1052 proferunt,

261 1055 321 1108 itox
332 1058 504 1108 marcescunt

263 1125 296 1179 Et
308 1130 446 1191 arescunt,

223 1194 279 1251 Nec
292 1195 389 1252 durare
401 1200 541 1267 poterunt·

261 1385 333 1441 Tuus
347 1387 432 1454 viror,

261 1456 349 1523 Quem
361 1458 421 1529 ptus
435 1457 530 1523 miror,

224 1527 285 1582 Nou
295 1534 336 1583 est
348 1528 543 1598 corruptibilis,

260 1599 320 1652 Non
330 1599 474 1653 marcescit

259 1668 316 1722 Nec
326 1669 470 1733 decrescit,

224 1738 278 1793 Sed
289 1744 332 1794 est
346 1736 530 1794 immutabitis.

259 1927 315 1982 Tua
330 1926 412 1996 sama,

258 1999 423 2072 Thymiama,

225 2073 569 2144 Baisamumquesuperat3

258 2146 330 2199 Dum
348 2143 498 2216 flagrescit,

257 2214 361 2270 tientes
374 2216 457 2287 pascit

221 2287 282 2343 Eta
297 2293 384 2342 morte
400 2286 505 2343 liberat.

256 2476 333 2532 Nunc
346 2476 419 2540 elati,

256 2547 470 2618 Suntprostrati,

222 2617 300 2673 Sicut
311 2617 378 2673 dicis
389 2619 494 2674 cantico
507 2619 528 2686 ¹,

255 2689 289 2742 Et
299 2687 397 2759 abjecti

255 2760 324 2813 Sunt
338 2757 458 2828 provecti

220 2829 329 2884 Honore
341 2827 466 2882 mirilico.

254 3013 402 3071 Universos

254 3087 300 3143 Est
309 3101 431 3158 aspersus

218 3157 332 3215 Mundus
342 3156 446 3213 Christi
458 3157 555 3230 gratia,

776 292 832 360 Qui
843 300 875 349 te
892 301 987 351 matre

774 364 842 420 Sine
853 372 941 437 patre

738 436 824 492 Natus
833 436 913 510 regit
928 438 1035 495 omnia.

773 623 811 678 Te
827 622 981 680 laudantes

773 695 807 749 Et
822 694 964 751 mirantes

737 764 866 821 Pulchrae
881 767 953 822 Sion
964 766 1046 838 fiiiae,

773 837 912 893 illustrari

772 909 806 963 Et
821 909 920 964 ornari

736 978 792 1035 Tui
802 978 930 1051 gaudent
943 981 1051 1053 specie.

771 1168 808 1223 Te
819 1167 958 1227 decoram
969 1170 996 1243 ²,

774 1239 807 1295 Ut
816 1255 967 1312 auroram,

735 1310 862 1367 Universi
875 1313 1051 1385 praeierunt,

770 1384 807 1437 'ie
821 1383 946 1440 electam

769 1454 801 1509 Et
816 1453 991 1523 perfectam,

734 1525 771 1581 Te
784 1524 913 1596 reginam
928 1533 1071 1586 asserunt.

769 1717 792 1772 0
806 1717 920 1776 felicem

770 1789 946 1848 Gonitricem

733 1859 814 1930 cujus
830 1877 907 1917 sacra
920 1863 1035 1922 viscera

768 1932 892 1988 iteruere

767 2003 918 2059 Continerc

731 2072 928 2133 Continentem
946 2080 1058 2137 omnia!

768 2268 804 2320 oe
817 2268 944 2324 mortalis

715 2372 726 2387 .
765 2336 833 2391 Vitae
848 2338 930 2394 ruatis

733 2407 773 2462 ile
786 2407 931 2479 dignanter
942 2427 1026 2484 erue,

766 2480 800 2533 nt
813 2486 873 2548 post
888 2489 1015 2542 mortem

766 2551 818 2604 Fac
834 2559 1000 2613 consortem

731 2619 834 2686 Quietis
844 2630 1003 2694 perpetuae,

765 2806 817 2860 Pro
830 2820 957 2865 meorum

766 2877 992 2948 Propinquorum

730 2948 767 3002 Te
781 2949 863 3003 salute
878 2954 1009 3026 postulo,

765 3020 797 3074 Ut
812 3020 939 3076 laetentur

765 3091 948 3149 Etsaiventur

728 3161 767 3215 En
777 3161 849 3216 omni
860 3164 1000 3233 periculo.

181 3387 189 3418 ¹
203 3387 335 3437 «cantico,
345 3404 356 3428 a
365 3385 398 3433 Le
410 3382 527 3456 cautique
536 3383 567 3433 de
576 3384 600 3457 ia
629 3389 695 3448 tique
708 3388 751 3435 dea
763 3389 905 3452 contiones,
916 3393 964 3443 ch.
980 3413 1020 3463 vr,
1032 3417 1060 3455 v,
1074 3410 1108 3456 9:

146 3448 227 3521 nairue
237 3450 328 3513 Vierge
340 3467 350 3491 a
363 3446 507 3510 Magnificat
520 3464 531 3490 ι
544 3447 601 3511 ddja
629 3468 640 3493 a
650 3450 709 3520 Qua
726 3457 764 3499 est
780 3450 827 3499 ista
851 3464 908 3513 quae
927 3467 1109 3525 progreditur

147 3511 205 3561 orte.
218 3512 309 3574 voroz,
320 3522 383 3574 page
393 3512 449 3572 too,
463 3515 521 3560 note
531 3513 555 3559 t.
629 3523 699 3574 quaer
708 3524 974 3626 auroraconsurqeuS,
988 3529 1108 3588 pulchra

179 3573 266 3624 ⁹«Te
285 3574 418 3632 decoram,
437 3579 487 3622 etc.
504 3590 516 3615 υ
533 3574 604 3624 Con·
631 3577 659 3622 ut
672 3573 905 3637 iuua,etectautso

923 3578 959 3627 t»
