2324 3960
145 111 194 160 22²
412 109 566 160 CLAUDIUS
581 108 701 159 MARIUS
716 108 840 159 VICTOR.

239 208 1122 293 interequospecudumquegreges‚populumquercceptum¹a⁰o

240 291 296 351 Aut
309 299 430 371 captum,
444 311 579 373 gazasque
595 290 687 369 (avido
698 311 760 372 qus
781 290 902 370 pondere
914 288 1003 351 victos

239 369 419 451 Victoresque
432 374 555 450 movent)
574 370 614 431 nil
628 390 738 452 prorsus
750 369 877 452 concupit
890 369 993 431 horum

239 451 404 531 Magnificus
414 473 422 511 t
433 451 483 511 sed
494 450 568 513 enim
581 459 655 512 tanta
665 452 738 512 inter
751 449 948 532 gaudiamilis,

199 524 203 541 '
239 531 273 592 Et
286 531 377 593 varios
389 530 536 593 hominum
548 539 678 613 reputans
689 530 741 592 suh
752 537 862 609 pectore
872 548 953 591 casus

240 609 344 672 Omnes
354 612 472 690 ,omnino
487 610 603 692 praedas,
616 620 646 673 et
663 611 774 692 praemia
787 608 854 672 belli
878 650 882 659 ·
1040 626 1088 672 sos

240 690 357 773 Direptis
371 691 474 773 passim
489 692 597 774 populis
611 693 725 772 regique
742 696 752 729 ²
767 698 909 751 reservat:

240 770 302 832 Non
313 771 365 832 sibi
379 792 408 833 so
423 776 561 852 pugnasse
572 771 684 844 docens,
701 772 836 832 decimam
848 777 942 832 tameo
951 769 1032 832 ollert

240 849 369 913 Hostibus
381 872 520 925 excussae,
535 872 598 933 quas
612 872 675 913 vera
687 860 730 912 est
744 850 844 921 hostia,
876 851 958 913 raedae
967 855 990 914 ³.

239 930 440 993 Melchisedech
451 933 544 993 viuum
566 952 600 992 ue
615 941 643 994 et
654 952 754 1014 panem
766 931 799 992 ab
811 871 886 992 cole
899 951 1011 993 reverso
1039 982 1045 992 .
1080 998 1084 1003 ‚

239 1009 389 1084 illinierat,
402 1031 450 1073 rex
461 1012 508 1072 ille
522 953 616 1073 Sllem
625 1015 648 1085 ⁸,
664 1013 710 1094 qui
725 1031 840 1073 saiunere
854 1011 901 1072 tali
1040 1027 1089 1071 aie

240 1090 352 1172 Mystico
368 1091 501 1170 praemisit
514 1091 617 1153 summi
631 1092 761 1153 libamina
778 1091 889 1165 curisti,

238 1170 322 1251 Cujus
336 1170 371 1232 de
389 1172 517 1235 manibus
529 1191 643 1233 sumens
657 1171 779 1233 Ecclesia
791 1191 890 1253 corpus

237 1249 383 1315 Vivilicum
393 1271 505 1334 panem,
522 1251 627 1313 coelesii
638 1260 703 1335 pota
713 1272 810 1314 cruore
824 1260 876 1314 cst.

231 1492 283 1543 lx.
291 1493 337 1541 lle
352 1495 514 1556 ”nereis
529 1509 602 1545 susc
616 1494 726 1542 aetatis
740 1493 888 1545 morcon·
899 1492 1038 1554 spinolas
1048 1491 1091 1539 nd

481 1556 670 1609 samonem
685 1559 852 1605 abbntem.

603 1766 726 1814 SALMON.

273 1917 305 1981 Si
318 1919 430 1982 Domini
444 1920 579 2004 templum
595 1922 712 2006 supplex
725 1922 833 1983 orator⁸
845 1919 938 1995 adisti,

232 2000 291 2061 lmd
306 2008 334 2069 ct
348 2001 491 2063 custodem
502 2001 610 2086 templi,
623 2002 773 2093 populique
788 2001 982 2082 magistruml.
1041 2002 1094 2061 cla

231 2079 306 2153 Quot
319 2089 350 2142 tu
363 2081 442 2144 isthic
458 2083 599 2156 homines,
613 2092 656 2146 tol
670 2083 772 2146 Christi
783 2080 896 2142 altaria²
910 2078 1010 2147 cernis.

232 2159 288 2222 Sed
302 2161 325 2222 si
336 2163 444 2226 collatis
455 2164 533 2247 juvat
545 2163 690 2245 indulgere
701 2161 829 2243 loquelis,

234 2241 285 2302 Hic
298 2241 404 2308 habitat
417 2252 481 2307 tuus
491 2244 539 2307 illc
550 2245 663 2326 hospes
676 2262 736 2303 mea
751 2242 866 2314 viscera,
878 2238 1031 2312 'lumbam'

232 2321 283 2385 Cui
297 2320 411 2387 fratrum
426 2324 459 2385 ad
471 2324 597 2405 requiem
611 2322 748 2383 frondosa
763 2321 826 2381 vitis
841 2320 869 2380 iu
884 2327 963 2381 autro

231 2400 348 2465 liothida
362 2403 509 2487 cespitibus
521 2413 587 2464 suut
597 2408 699 2463 structa
713 2399 808 2461 sedilia
823 2398 901 2459 vivis,
1045 2415 1097 2461 seo

602 2602 718 2648 cloaca.

273 2764 322 2824 [lic
335 2761 430 2843 igitur,
444 2759 570 2836 Salmon,
585 2774 648 2838 quae
663 2772 757 2816 rerum
774 2771 849 2813 nuuc
862 2750 912 2812 libi
923 2770 983 2812 sors
998 2758 1058 2813 est?

80 3012 85 3018 -
165 2981 173 3012 ⁸
189 2998 201 3024 ι
215 2980 362 3042 deceptum,
373 2994 385 3021 ι
396 2975 501 3026 delimo.
667 2975 679 3004 ⁸
699 2993 710 3018 «
732 2971 844 3036 Supplex
870 2974 977 3019 orator»
1008 2973 1055 3040 est¹
1066 2969 1098 3018 ici

163 3041 285 3106 ’sllegi
301 3059 312 3084 ι
328 3040 409 3090 Leuci
422 3040 453 3089 de
472 3038 588 3087 Sodoma.
637 3037 660 3087 le
691 3048 830 3100 synonyme
857 3033 888 3105 de
907 3050 931 3105 ,ι
952 3030 1099 3095 supplicitei·

131 3102 514 3173 VopculeGeudse,ch.xu,v‚
527 3103 555 3149 21
569 3108 595 3151 et
637 3106 773 3160 ocatmuS,
806 3097 954 3163 suppliciter
983 3101 1099 3157 precatu-

141 3173 344 3280 m⁸villllioimam
375 3226 596 3290 (sous-entenda
639 3175 1027 3291 ffll'«”uagistr11m„»pascam.

134 3296 141 3356 l
163 3296 254 3357 ostem)
280 3302 389 3342 excusem
411 3290 519 3353 praedm,
539 3308 550 3332 ι
573 3289 598 3337 la
673 3281 1103 3341 ⁷«Christialtama.»SmntPsul,

150 3359 202 3409 lma
214 3353 408 3418 desdepouillas
421 3353 597 3402 enlevcesaux
642 3349 688 3412 Ep.
712 3349 722 3395 l
742 3360 792 3395 aux
812 3345 981 3418 Corintliieus,
1002 3343 1043 3392 ch.
1065 3357 1103 3406 m,

134 3418 258 3470 eunomio.
643 3413 728 3461 ulo:
753 3411 882 3458 «Nescius
901 3421 962 3471 quaa
976 3405 1102 3468 templum

165 3482 270 3531 ⁴Salem
286 3485 358 3542 ceput
366 3478 423 3542 plus
437 3477 495 3527 tard
505 3476 528 3525 le
538 3488 599 3525 nom
645 3474 690 3523 Dei
702 3471 761 3522 estis
781 3477 806 3520 ct
816 3470 927 3534 Spiritus
941 3469 985 3519 Dei
1004 3466 1103 3518 habitat

133 3545 164 3595 de
189 3543 331 3616 ierusalem
365 3540 446 3605 (ville
466 3539 497 3590 de
518 3539 596 3612 pais).
647 3536 674 3585 in
687 3509 797 3586 vobisl»
