2324 3960
330 149 482 202 CLAUDIUS
499 149 618 203 MARIUS
634 150 757 204 VICTOR.
990 160 1046 207 aod-

176 251 257 315 Unde
268 253 424 336 propinlrat
436 271 561 336 serpens,
574 253 741 335 fratremque
755 254 869 319 cavendi

176 335 317 416 lguarum‚
330 337 402 397 saevd
415 341 567 397 mactatum
579 333 655 397 cede
670 333 799 398 trucidat.

213 549 276 613 Heu
290 547 414 612 lacinus!
431 548 493 620 Quo
504 566 563 611 non
575 548 691 611 miseros
702 548 806 610 furiosa
819 547 918 623 libido,
981 564 1032 613 444

175 630 237 703 Quo
249 647 308 693 non
320 631 373 706 ira,
382 649 480 692 reeens
492 628 604 703 odium,
620 635 649 691 et
660 628 702 690 vis
715 627 840 711 improba
856 630 949 712 cogit?

176 709 250 782 Quid
261 717 350 772 meret
362 711 499 772 innocuus
510 709 614 770 1441441
629 728 697 770 num
711 708 832 770 sanctior
845 709 892 771 ille

176 789 257 863 Quod
269 790 331 864 luit,
348 788 468 851 interimi
480 788 603 851 meruit?
613 788 672 870 jam
682 788 752 850 facta
763 796 910 871 parentum

173 870 237 932 Non
250 876 293 931 est
305 869 449 952 posteritas
459 869 534 951 qndd
543 869 696 952 quidquam
706 875 817 931 accuset
824 891 833 942 ;
844 878 872 931 et
883 871 935 952 ipsi

174 949 324 1043 Flagitium
336 948 493 1011 addidimus
504 971 512 1008 ι
525 948 638 1032 jamque
651 949 782 1028 estquod
795 948 908 1012 callidus
919 955 1016 1035 anguis
1031 971 1081 1016 445

175 1028 303 1112 Obiciat,
318 1028 344 1090 si
356 1029 412 1090 fors
426 1028 504 1092 illum
517 1048 643 1091 accusare
658 1029 776 1091 velimus

178 1109 258 1181 Ondd
269 1108 594 1192 morimurznamquead
604 1110 746 1172 cumulum
757 1111 845 1192 prima
855 1111 901 1173 illa
911 1131 1032 1197 propago

176 1189 307 1252 Criminis
316 1190 424 1272 adjecit
434 1198 552 1252 mortem
566 1191 589 1259 ¹,
600 1190 736 1273 culpaque
749 1197 895 1271 parentum

176 1269 341 1331 lnductam²
357 1269 461 1332 mundo
471 1270 653 1349 (horrendum
664 1277 707 1331 est
719 1269 748 1331 id
762 1269 862 1349 dicere)
876 1268 943 1332 lecit

175 1349 304 1432 Impietas
313 1348 402 1412 scelus
411 1369 473 1423 esse
482 1370 597 1412 novum.
610 1350 659 1410 Sic
672 1351 709 1410 im
730 1349 765 1422 14,
783 1347 875 1424 sictu,
980 1367 1032 1415 454

173 1428 238 1491 llire
246 1428 323 1503 Cain,
340 1429 460 1511 primore
471 1450 576 1492 novum
587 1420 663 1491 caede
673 1369 764 1489 inlcis
775 1427 888 1491 orbem:

173 1511 228 1572 Pro
239 1513 292 1592 qul
301 1516 447 1592 perpetuas
458 1528 554 1592 poenas
561 1509 619 1591 jam
634 1516 723 1571 morte
736 1507 844 1571 solutus

174 1588 376 1671 AEtemumque
385 1588 475 1666 dabis,
486 1589 570 1681 longe
582 1596 710 1682 serpente
721 1588 843 1651 nefando

174 1667 309 1746 Deterior,
320 1678 368 1731 tua
382 1669 513 1731 metimur
522 1690 546 1733 s1
559 1670 690 1732 crimme:
706 1688 829 1751 namque

172 1748 271 1810 Attulit
281 1750 327 1811 ille
338 1769 435 1811 necem
447 1750 539 1824 nobis,
553 1769 612 1813 non
622 1750 732 1813 intulit:
750 1758 844 1811 41444
978 1767 1029 1814 455

171 1827 303 1909 Cepimus
314 1829 434 1906 allatam,
449 1839 480 1893 tu
491 1850 557 1893 vero
567 1829 640 1893 hane
647 1831 776 1915 primitus
790 1828 887 1894 infers.

95 1926 108 1969 4
171 1907 261 1970 'lantd
275 1908 323 1971 illo
332 1909 420 2001 pejor,
435 1911 514 1973 vitari
526 1911 653 1990 publicus
666 1911 754 1973 hostis

172 1986 252 2058 Quod
262 1996 374 2071 potuit:
390 1997 421 2050 tu
431 1989 553 2080 privatus
567 1988 643 2051 nulld
657 1998 715 2051 4414
726 1989 816 2051 caveri

173 2066 234 2130 lam
248 2078 370 2152 poteras.
385 2068 454 2139 Quis
465 2068 542 2131 euim
552 2068 653 2130 dilecto
665 2071 682 2130 4
692 2068 775 2130 fratre
784 2069 917 2132 timeret?

211 2280 248 2339 At
258 2293 324 2338 vero
337 2274 415 2337 nulla
427 2279 469 2338 est
480 2273 603 2337 hominis
615 2280 672 2335 tam
685 2274 744 2336 dira
756 2275 867 2337 nefandi
981 2294 1031 2341 444

172 2358 272 2438 Culpa,
288 2354 363 2417 Deus
377 2372 462 2446 quam
478 2354 642 2416 conanime
657 2353 795 2417 clemente
811 2355 946 2436 remittat,

70 2457 76 2468 ·
173 2437 204 2499 Si
217 2435 300 2497 modo
315 2441 448 2517 poemteat
461 2434 542 2517 lacti:
555 2433 629 2518 quod
639 2442 711 2497 14414
723 2434 812 2498 Caino

173 2516 343 2609 Accipimus,
361 2532 446 2598 quem
457 2521 524 2579 1444
536 2515 652 2577 14414444
669 2514 923 2596 caedemadentem,

173 2597 236 2659 Nou
245 2597 393 2680 indignum
405 2596 503 2659 hahuit
516 2598 659 2677 (14414441
671 2597 831 2679 clementia)
845 2618 907 2663 4444

173 2677 356 2760 Correptoro⁸
370 2677 462 2739 Deus:
498 2677 547 2739 uin
558 2676 657 2739 blandl
671 2697 740 2740 voce
754 2687 882 2761 rogatum
896 2685 907 2718 ⁸
983 2698 1032 2745 444

174 2757 270 2820 Frater
282 2758 330 2819 ubi
346 2777 413 2819 suus
425 2699 563 2833 inoleret,
578 2756 743 2842 facinusque
753 2765 903 2851 negantem

174 2837 284 2919 Argum,
300 2844 328 2899 et
340 2838 439 2899 leviter
449 2845 527 2901 14414
539 2858 591 2920 pro
604 2839 721 2900 crimine
736 2847 830 2922 punit:

174 2916 400 2999 Namprolugum
408 2920 517 2980 tantrlm
526 2920 913 3003 atqueextorremabutroqne
921 2932 1033 3008 parente

174 2995 299 3078 Longius
311 2997 453 3074 amandat,
466 3007 613 3080 vastasque
627 2998 773 3080 relegatio
787 3020 859 3079 oras,

175 3075 212 3139 Et
219 3077 325 3159 juhetd
341 3078 436 3160 patriis
449 3077 596 3141 confestim
609 3081 743 3141 excedere
756 3082 846 3143 terris.
984 3101 1034 3148 474

133 3349 558 3427 ¹construisen:oadp'ecittnontcm
618 3359 721 3410 ³«sese
744 3366 887 3424 correptore
905 3363 965 3408 uest
984 3359 1037 3421 regi

101 3412 133 3462 ad
145 3415 278 3464 cumulum
287 3417 412 3467 criminis.
604 3432 657 3471 444
677 3422 823 3488 indignum.
842 3440 906 3465 »-«
923 3419 1006 3478 Quin,
1024 3438 1037 3464 »

136 3474 172 3520 ²«
187 3475 328 3528 loductam.
343 3496 354 3523 r
370 3476 560 3529 sous-emendo
586 3432 646 3531 1144
658 3482 724 3546 plus,
735 3491 760 3533 ot
772 3483 864 3533 moure.

103 3540 246 3587 «mortem.
262 3557 273 3582 4
620 3546 631 3575 ⁴
645 3564 656 3590 a
669 3546 792 3608 Rogarem
805 3562 818 3591 u
831 3559 916 3608 pour«
935 3544 1041 3593 intorro-

893 3631 947 3692 'ldx

1073 3686 1143 3904 t
