2324 3960
382 191 472 238 ADAM
489 190 529 238 DE
545 189 781 240 salut-vienna.

264 291 339 352 Coelo
354 290 430 350 dives
446 290 512 350 rivis
527 291 668 372 angelicus

348 369 543 469 'Subtimatun

262 531 312 593 Hie
326 531 459 591 Martinus
469 531 527 612 jarn
541 533 750 593 catechuminus

186 665 188 668 Α
267 611 380 672 Nudum
394 612 484 683 vestit,
501 620 527 672 et
541 620 622 672 nnete
636 613 758 694 protinus

262 691 293 752 in
307 692 432 773 sequenti
446 691 498 751 bate
510 706 586 752 veste
599 691 736 755 Dominus

367 771 415 831 Est
429 770 551 832 indutus.
655 779 660 788 '

263 931 314 991 Hir
328 930 461 993 Martinus
475 946 607 1014 spernens
621 932 760 1009 mititiam*

266 1011 389 1093 lnimiuis
403 1013 517 1074 iuertnis
531 1013 638 1074 obviarn

267 1091 308 1152 lre
322 1101 407 1172 parat,
424 1093 550 1174 baptismi
564 1096 680 1174 gratiam

366 1177 527 1233 Assecutus.
580 1176 585 1185 '

265 1330 314 1391 Hie
329 1329 472 1401 Martinus,
486 1331 551 1391 durn
567 1331 646 1392 offert
659 1331 789 1407 hostiani,

267 1411 343 1469 lutus
357 1410 434 1483 ardet
448 1430 496 1490 per
509 1409 559 1471 Dei
573 1412 698 1493 gratiam,

263 1489 452 1571 supersedens
465 1501 576 1572 apparet
590 1491 673 1553 etiarn

362 1569 464 1631 Glebus
479 1570 550 1650 ignis
560 1574 581 1632 ¹.

261 1730 313 1792 Hie
327 1729 469 1801 Martinus,
483 1730 530 1811 qui
547 1731 650 1793 eoelnm
663 1745 778 1812 reserat,

261 1810 328 1870 biari
343 1817 442 1890 praeest
456 1819 483 1870 et
496 1811 575 1871 terris
589 1812 705 1894 imperat
718 1835 725 1886 ;

263 1890 373 1951 Morbos
387 1897 466 1951 sanat
480 1899 507 1950 et
522 1907 642 1954 monstra
656 1903 768 1975 superat

361 1968 408 2030 Vir
422 1969 551 2050 insignis.

262 2131 312 2190 Hic
326 2129 480 2189 blartinus²
496 2146 548 2186 nec
564 2127 634 2188 rnori
648 2128 766 2201 timuit,-

261 2209 321 2269 Nee
334 2207 443 2268 vivendi
458 2206 580 2266 laborem
593 2207 709 2287 respuit,

263 2289 366 2368 Sieque
381 2287 430 2346 nei
445 2306 475 2346 se
487 2294 575 2346 tutum
589 2286 686 2348 tribuit

362 2366 513 2426 Voluntati.

257 2528 309 2590 Hie
322 2527 454 2589 Martinus
467 2526 515 2609 qui
529 2525 598 2588 nulli
612 2528 716 2598 nocuit,

258 2609 310 2670 Hie
323 2605 520 2687 Martinusqui
535 2606 641 2685 eunetis
655 2605 767 2688 profuit,

136 2886 142 2914 ¹
159 2882 297 2944 «Apparet
312 2877 403 2938 globus
414 2877 490 2939 iguis.
504 2895 517 2920 a
529 2877 567 2925 On
592 2877 653 2926 etait
670 2877 815 2939 prochaine,
831 2877 863 2927 its
879 2890 905 2927 se
928 2877 1050 2938 repandi-

102 2946 131 2994 lit
143 2945 205 2993 dans
219 2940 314 2990 l'Otbee
333 2939 363 2987 de
375 2938 442 2986 saint
454 2938 565 2986 Martin:
591 2945 649 2987 rent
668 2951 701 2987 en
721 2940 814 2988 tarmes
839 2946 864 2988 et
885 2938 920 2986 tui
941 2939 1048 2988 abirent:

104 3008 191 3056 «Duru
201 3007 361 3054 sacramenta
370 2999 474 3048 offerret
482 3001 567 3048 beatus
592 3017 607 3046 u
618 3000 688 3056 Pete,
705 3001 826 3063 puurquoi
842 3014 905 3050 nous
924 3000 1050 3049 abandon-

103 3069 240 3128 Martinus,
252 3063 341 3128 gtubus
351 3062 441 3124 igneus
452 3063 567 3123 apparuit
591 3061 726 3111 nez-uuus?
750 3065 797 3112 bes
818 3063 890 3124 teups
911 3061 1052 3112 ravisseurs

102 3143 179 3192 super
212 3133 287 3188 caput
315 3125 378 3185 ejus.
405 3123 463 3172 Fuit
480 3132 567 3172 autern
591 3124 743 3174 euuabirout
773 3135 843 3174 vntre
876 3130 1007 3185 truupeau.
1036 3142 1047 3167 a

102 3191 251 3253 hujusmodi
275 3189 341 3250 ignis
362 3185 473 3234 exterius
492 3199 566 3247 appa·
590 3186 662 3235 Sartnt
675 3186 778 3249 blattin,
790 3186 881 3236 tourhe
895 3186 925 3233 de
942 3186 998 3234 teur
1012 3187 1048 3234 at'·

103 3267 170 3316 reus,
184 3250 328 3316 synrboturu
338 3247 463 3308 quoddam
475 3254 500 3296 et
511 3249 576 3318 sig-·
590 3245 694 3303 flietton
717 3249 747 3299 tn
766 3256 830 3298 cette
851 3248 934 3310 priene
949 3263 955 3295 ε
971 3263 984 3293 u
997 3246 1048 3297 Sei-

101 3329 164 3364 nnm
183 3310 365 3363 ardentissime
387 3309 517 3359 charitatis
536 3323 564 3359 in
590 3323 682 3374 gneur,
694 3311 714 3359 si
730 3314 756 3373 je
777 3312 828 3360 suis
849 3322 938 3359 encore
958 3310 1046 3358 neres·

102 3379 190 3433 bearn,
203 3372 384 3439 qutMarriuus
393 3371 518 3434 flagrabat
528 3372 565 3418 in·
591 3372 654 3423 seire
667 3374 682 3420 a
693 3382 764 3422 notre
775 3386 824 3436 peu
843 3371 875 3431 te,
888 3373 910 3420 'e
921 3384 952 3419 ue
965 3370 1046 3425 infuse

102 3440 210 3490 terius.»
591 3448 635 3498 pas
655 3435 686 3484 de
704 3435 808 3485 souttrir
826 3386 866 3483 bes
884 3386 994 3542 tattpues
1015 3433 1046 3483 de

133 3501 146 3533 ²
173 3503 283 3562 Lot-sque
309 3498 377 3547 saint
397 3497 487 3546 bertin
518 3508 564 3544 an·
589 3504 654 3547 cette
670 3496 710 3547 uie
716 3513 724 3560 3
745 3509 795 3560 que
813 3501 883 3547 rutra
901 3507 932 3544 vo
942 3495 1001 3547 oute
1019 3507 1046 3551 su

101 3559 561 3625 uoupatsasrliseiplesquesamort
584 3560 681 3609 tasse.»
1029 3562 1031 3567 ’
