2324 3960
385 201 538 257 CLAUDIUS
554 201 673 256 MARIUS
689 196 816 254 VICTOR.
1033 192 1079 248 2l‘l

232 299 341 387 Nomen
352 305 434 369 inane
449 307 499 369 Dei
514 308 619 369 mundo
634 306 741 369 ridente
753 306 874 367 daretur.

271 465 383 528 Talibus
398 486 522 528 errorum
534 465 648 528 salebris
662 466 781 529 lomento
792 464 916 543 daturus,

231 545 368 629 Ambigua
382 552 389 586 ¹
407 547 534 608 inventor
546 546 614 608 lethi
628 566 758 629 responsa
768 545 875 607 eiebat:

232 626 303 688 Usus
318 627 351 688 ad
366 626 480 688 insidias
492 634 541 688 out
555 626 625 708 igni,
640 626 774 688 autlonte
785 624 897 697 oalenti,
1081 698 1085 703 Ι

209 705 286 771 *Aut
301 711 373 768 term
386 727 421 768 ex
435 707 519 768 antris
534 713 631 768 ventos
645 706 766 788 spirante
778 705 918 786 loquaces,
1029 725 1080 768 noe

230 784 264 847 Et
274 784 374 847 falsum
384 787 447 848 vani
458 786 511 847 sibi
522 805 627 848 nomen
639 785 776 867 Apollinis
789 785 900 846 indens.
966 822 969 827 -

230 864 368 928 Talibusa
382 866 502 928 Domino
515 874 613 949 gentes
625 872 688 926 trux
699 864 745 927 ille
759 871 879 926 remotes

231 944 363 1028 captabat
372 945 490 1027 laqueis,
526 947 561 1006 ud
576 944 680 1007 ducens
694 945 834 1027 eumque²
849 942 974 1007 volebat:

231 1024 311 1086 Tanti
322 1033 392 1093 esta
405 1034 501 1088 saneto
540 1025 628 1087 omini
642 1024 783 1087 discedere
796 1024 883 1087 cultu.

380 1240 444 1289 vll.
460 1241 508 1289 La
522 1239 697 1289 oonfuulon
712 1240 771 1288 deu
787 1240 936 1300 langueo.

271 1398 334 1471 blox
347 1409 429 1472 turris
441 1412 451 1446 ⁸
464 1419 606 1492 properata
619 1408 704 1485 subit,
719 1427 785 1469 mox
795 1405 899 1469 vertite
912 1404 1003 1469 nubes
1033 1423 1085 1470 s7o

231 1489 370 1571 Transiit,
386 1511 417 1552 ao
429 1490 529 1552 fruitur
540 1490 601 1552 eoeli
616 1488 744 1571 propiore
758 1507 869 1550 sereno.

271 1649 342 1711 Tum
353 1648 435 1711 Peter
447 1648 622 1733 omnipotens
635 1648 740 1713 coelesti
754 1668 822 1712 voee
836 1656 964 1713 senatum

231 1729 387 1813 Congregat
398 1728 565 1812 angelicum,
577 1728 720 1813 turbaeque
734 1729 830 1792 insana
841 1751 874 1792 su
894 1730 969 1792 erbae

231 1810 314 1871 Facta
328 1817 450 1892 stupens,
468 1809 542 1873 islaee
554 1810 632 1893 regni
646 1810 820 1873 consortibus
834 1750 917 1873 indi:

235 1913 250 1946 u
264 1889 306 1951 En
319 1898 427 1952 terrene
440 1889 569 1972 phalanx,
586 1891 641 1973 qud
652 1890 711 1970 jam
725 1890 868 1952 temeraria
880 1895 986 1971 pergat,
1033 1907 1084 1955 675

167 1988 173 2005 ³
230 1971 360 2044 Cernitis,
377 1977 405 2030 et
417 1979 534 2051 quantos
546 1968 706 2050 imprudens
720 1968 816 2030 tendat
828 1974 858 2028 in
866 1988 963 2042 ausus,

230 2049 338 2111 Morteli
352 2069 415 2130 quoe
428 2054 531 2108 structa
544 2066 629 2107 manu
641 2048 651 2081 ⁶
665 2050 826 2126 contingere
838 2047 926 2107 eelsos

231 2129 324 2190 Credit
336 2146 418 2207 posse
430 2125 519 2213 polos,
535 2134 563 2184 et
576 2123 611 2184 ed
624 2122 726 2183 aethera
739 2123 841 2184 ducere
855 2131 994 2193 nostrum,

231 2207 325 2276 Quum
337 2222 421 2271 nemo
434 2203 548 2261 indutus
561 2208 670 2261 terreno
682 2219 804 2280 corpore,
821 2200 925 2262 eoelum

229 2283 380 2352 Ascendet,
395 2279 449 2338 nisi
460 2279 508 2358 qui
520 2280 590 2340 eoelo
601 2278 775 2339 descenderit
788 2279 856 2340 alto.
1031 2300 1083 2347 nno

233 2361 289 2420 Sed
303 2359 369 2440 quia
381 2376 451 2437 gens
462 2377 517 2418 una
529 2366 580 2437 est,
592 2358 691 2420 eadem
702 2378 812 2442 quoque
826 2359 915 2421 forma
927 2358 1075 2446 loquendi,

235 2439 266 2499 ln
276 2436 466 2520 componenda
478 2437 625 2520 persistent
634 2445 721 2521 turre,
734 2458 786 2502 neo
799 2447 864 2503 ante

170 2658 176 2690 ⁴
195 2679 205 2704 ιι
217 2656 359 2724 Ambigua,
370 2661 417 2710 ete.
430 2673 442 2702 a
457 2655 490 2709 Le
502 2663 589 2709 sanant
627 2663 699 2709 ment
707 2664 763 2709 tant
773 2659 805 2709 de
813 2658 914 2709 fourbes
924 2671 949 2709 se
959 2660 1079 2712 seraient·

132 2721 587 2833 p'dsrritebaltuselaitputreitddens
626 2721 657 2771 ils
675 2722 791 2794 aoeordes
806 2722 833 2794 'si
852 2722 995 2834 longtemps
1015 2737 1080 2787 pour

134 2784 586 2918 ttdddd‘ttttdtttdtltt
625 2784 1081 2918 dettitdtttttbtltnttn

134 2924 194 2959 mou
223 2908 286 2958 dans
310 2910 346 2958 les
368 2909 520 2971 predictrons
543 2908 587 2957 des
626 2909 720 2958 Marius
744 2909 830 2958 Vretor
855 2915 881 2957 et
899 2908 935 2958 les
955 2909 1028 2961 Peren
1051 2911 1083 2960 de

134 2972 237 3021 eracles.
255 2972 273 3019 11
290 2970 362 3020 snlllt
373 2970 404 3019 de
419 2970 536 3019 relleohir
552 2984 586 3018 un
627 2971 800 3034 l’Eglise,que,
810 2971 1082 3032 pourpunirlesbom-

134 3038 250 3083 moment
268 3046 332 3095 pour
349 3031 516 3094 comprendre
538 3044 587 3093 que
626 3046 688 3091 mes
707 3033 800 3090 Diona
817 3034 910 3095 permis
924 3035 1082 3097 quelquelois

134 3094 170 3165 les
179 3095 280 3144 enciens
296 3093 391 3144 eracles
408 3093 479 3142 n'ont
489 3106 524 3157 pu
534 3091 587 3142 btre
625 3106 659 3166 ap
668 3095 759 3174 dempn
765 3093 795 3144 de
805 3094 843 3165 les
854 3102 968 3159 tromper
978 3110 1011 3146 en
1024 3096 1079 3159 pre-

134 3157 343 3269 tettdddtd
372 3155 478 3268 tlte
491 3154 588 3288 ill-ad}
626 3155 1085 3282 meldensiunmpn

135 3281 276 3343 Comment,
288 3295 320 3330 en
338 3294 352 3330 e
373 3287 406 3339 et,
424 3293 523 3330 eeuxor
544 3292 588 3328 au·
626 3292 846 3352 «quocumque»

135 3341 257 3412 reione-ils
276 3343 316 3393 ete
333 3357 401 3392 assez
416 3342 513 3392 habites
524 3354 588 3404 pour
659 3342 826 3404 mrumst
846 3342 870 3390 la
880 3347 937 3391 tour
954 3340 1084 3391 dedabal.

133 3403 278 3454 dissimuler
298 3405 367 3455 leurs
388 3404 541 3468 impostores
561 3409 587 3452 et
626 3404 700 3454 Babel
713 3403 966 3468 signifieoonlusion.

134 3463 311 3516 leursmenson
330 3481 367 3530 es,
374 3474 399 3516 et
436 3475 588 3528 nrtromper
657 3466 694 3510 *α
705 3466 908 3516 Mortalistruote
917 3477 1027 3526 memo,-
1039 3461 1083 3533 des

133 3532 190 3574 tons
202 3527 237 3576 les
248 3480 351 3600 periples
363 3529 393 3579 de
415 3533 511 3599 arn-terre
522 3540 585 3606 pen·
625 3527 726 3577 edifices
737 3528 873 3579 construits
891 3540 937 3589 par
949 3539 998 3577 une
1011 3538 1084 3576 mern

133 3587 196 3638 dant
214 3589 258 3640 des
278 3591 366 3640 memes
384 3590 495 3642 ennorst
513 3593 586 3640 tom·
619 3590 750 3641 mortelle.

142 3704 144 3708 Α
177 3692 313 3743 omniun.
963 3677 1009 3742 bb

1130 3624 1148 3745 l
