2324 3960
139 172 184 221 rm
536 160 710 221 euuuunell.

130 290 134 297 ·
233 277 358 416 Cumque
371 274 429 337 suis
442 272 545 365 perite
556 272 701 337 lictoribus
712 270 896 361 omnipotenti

232 353 519 443 Suppiuiterllbnste
532 372 562 415 se
575 355 777 418 edueeerlsser
828 351 922 417 ndesl
1033 349 1084 402 100

230 436 380 498 Sexcentas
397 452 544 496 numerare
557 432 654 495 dumus
664 432 699 495 de
712 452 800 517 sengu
811 452 848 495 ne
860 432 950 515 prisco

228 514 369 576 Nobilium
384 512 459 585 lieet,
473 512 508 575 ud
520 512 621 581 Christi
632 513 794 607 signueulu¹
807 530 912 588 uersus,

228 592 328 674 Turpis
342 591 375 655 nb
389 592 466 655 idolii
480 600 557 655 ruste
572 612 718 661 emersisse
732 591 879 677 profunde.

229 672 259 733 Si
271 692 390 812 imm
403 672 494 756 ulique
505 680 556 749 est,
569 680 618 735 aut
629 675 651 735 si
666 680 752 735 status
765 672 853 747 urbis,
868 672 898 734 in
912 670 956 735 his
966 678 1019 738 est.

228 752 257 813 Si
283 772 391 814 numum
403 752 498 845 putriae
511 752 577 815 lenit
590 752 768 815 excellentior
778 753 861 822 ordo:
1032 759 1080 804 1⁰⁵

227 831 261 893 lli
276 830 497 915 laeirrnt‚1uneta
511 840 554 894 est
604 834 675 893 oties
688 833 824 895 sententia
839 831 936 914 plebis,

225 912 317 994 Atque
329 930 418 973 uuum
432 913 544 994 eupiunt
556 852 649 994 riiiiree
663 912 747 975 simul
763 932 795 973 ee
809 912 939 1003 potiores.

225 990 342 1075 Respice
354 991 388 1054 ud
403 992 549 1067 illustrem,
565 992 614 1053 lun
626 1000 668 1054 est
684 992 733 1053 ubi
747 992 865 1074 publiea,
879 992 988 1071 cellam⁸

224 1068 275 1133 Vin
287 1092 372 1155 pauet
387 1072 512 1134 invenies
526 1071 675 1155 gentilibus
689 1071 776 1135 obsite
791 1072 875 1153 nugis

225 1152 350 1234 lngenie,
365 1151 506 1215 obtritos*
606 1151 752 1213 retlnentin
766 1152 912 1224 subus,-
1029 1160 1079 1205 110

225 1231 259 1293 Ε1
272 1232 373 1315 quibus
385 1236 514 1295 enectus·
526 1237 631 1315 penest
644 1249 751 1293 servare
765 1231 901 1305 tenebret,

224 1310 479 1397 splendentemque
491 1312 535 1375 die
548 1310 642 1373 medie
655 1330 712 1381 uon
726 1330 840 1375 eernere
853 1311 952 1374 sulem.

281 1542 285 1549 .
315 1498 421 1549 xvm.
437 1496 548 1549 Plebi·
562 1494 607 1547 ul
621 1494 787 1553 ebulum
802 1494 982 1555 convente.

222 1637 289 1699 Post
300 1635 367 1699 hine
381 1637 415 1698 ad
448 1638 563 1721 epulum
576 1646 706 1706 converte
721 1639 827 1713 oeulos,
843 1644 927 1725 quotu
940 1657 1003 1731 pars
1015 1646 1059 1703 est

222 1717 290 1789 Qum
305 1716 402 1779 devisi
450 1724 524 1779 etam
538 1720 615 1782 sanie
627 1738 686 1782 uun
700 1716 816 1803 despuat
828 1724 926 1801 emunt
980 1722 983 1727 '

223 1796 321 1860 Omnis
334 1795 382 1881 qui
396 1796 470 1861 celsa
481 1796 590 1861 scandit
602 1799 743 1861 uoeuaeulu
756 1798 868 1883 vulguS,
1026 1806 1074 1854 ¹¹⁵

222 1877 330 1959 Quique
343 1876 407 1949 terit
420 1874 525 1941 silicem
537 1876 620 1941 variis
633 1878 802 1941 discursibus
815 1886 913 1955 utrem,

220 1957 254 2019 Et
268 1977 353 2039 quem
365 1954 446 2041 penis
458 1956 507 2020 ulit
520 1958 650 2044 gradibus
661 1958 808 2043 dispensus
820 1956 854 2019 eb
864 1958 925 2020 ultis
936 1962 949 2003 1
962 1980 971 2021 2

219 2037 275 2099 lut
287 2036 418 2099 lletieanu
431 2038 571 2102 tumulum
585 2036 636 2103 sub
650 2046 745 2101 munte
760 2038 925 2119 frequentat,

219 2117 280 2190 Quo
294 2117 365 2183 einis
377 2116 425 2183 ille
438 2116 506 2182 latet
518 2120 672 2205 genitoris·
687 2114 813 2180 amabilis
826 2114 919 2199 ebses,

219 2199 342 2263 Goetibus
355 2206 403 2261 eut
416 2219 461 2261 mu
502 2198 526 2263 is
539 2200 686 2265 Lateranus
699 2194 804 2259 currit‘
816 2192 850 2255 nd
865 2194 959 2273 eden}
1021 2207 1070 2251 120

218 2276 298 2342 Unde
312 2300 422 2343 suerum
435 2300 464 2341 re
493 2286 534 2341 rat
546 2278 632 2363 regali
645 2276 793 2349 chrismate
805 2273 929 2365 signum.

218 2358 253 2418 Et
267 2359 424 2420 dubitemus
437 2358 528 2419 adbuc
541 2359 660 2419 Romam
673 2354 734 2429 tibi,
748 2352 867 2425 Christe,
880 2352 999 2419 dinatum

218 2436 249 2495 ln
263 2437 338 2515 leges
351 2436 579 2496 transissemus?
592 2436 725 2515 omnique
738 2434 876 2501 volentem

216 2512 286 2574 Cum
300 2512 413 2597 pupulo,
426 2520 455 2575 et
466 2513 583 2575 summis
596 2510 789 2583 ermelenus,
804 2510 888 2574 ardua
902 2516 995 2599 magni

213 2591 276 2652 lam
287 2611 371 2675 super
383 2598 453 2653 astra
461 2590 522 2731 idon
536 2601 676 2653 terrenum
689 2589 838 2654 extendere
851 2597 987 2676 regnum?
1017 2603 1065 2648 ¹²⁵

215 2671 272 2732 Neu
286 2690 408 2743 moveor,
422 2690 459 2752 qu
511 2690 573 2753 pers
591 2668 739 2731 bominum
752 2674 901 2753 rarissimu,
917 2676 1024 2737 clausus

214 2750 277 2813 Nun
291 2771 305 2811 a
327 2751 379 2811 erit
391 2750 443 2811 sub
457 2751 519 2812 luee
536 2751 642 2825 ocules,
659 2762 686 2823 et
700 2752 839 2833 gressibus
852 2766 934 2821 errat.

216 2770 373 2902 Quumiibdt
386 2829 505 2895 illustres
518 2831 635 2908 meritis,
650 2839 678 2895 et
690 2833 826 2916 sunguine
839 2834 915 2910 clari,

149 3002 157 3032 ¹
186 2996 312 3047 «Christi
338 2996 468 3062 signacula
474 2994 490 3064 ,’
503 3016 516 3043 ι
538 2998 576 3050 les
640 3001 653 3031 ⁸
674 3020 685 3045 α
705 3001 867 3053 demimus.»
889 3000 962 3053 seint
979 3000 1066 3051 Pierre

114 3061 248 3113 dtendnrds
256 3060 291 3131 du
301 3058 393 3111 Christ.
473 3078 482 3101 ⁸
608 3063 670 3136 deut
681 3063 705 3113 le
718 3064 835 3117 tombeeu
847 3070 885 3115 est
894 3066 952 3129 pr'es
967 3063 1002 3119 dn
1012 3064 1065 3113 Va·-

146 3122 359 3186 riebertus„
382 3124 510 3188 mdprist,
532 3124 574 3176 ab·
607 3132 682 3176 nean.

113 3189 199 3240 surde.
468 3218 470 3222 -
638 3189 650 3220 ⁸
668 3187 790 3251 «Currit,
809 3206 821 3231 e
841 3194 889 3239 ete.
908 3186 929 3237 ll
940 3200 957 3253 n
969 3187 1065 3237 eruite

147 3246 491 3309 ³«Erectus»nneiennes.
607 3251 685 3300 Rome
711 3248 778 3297 deux
807 3249 981 3311 lmptisteres:
1009 3248 1064 3300 l'un

145 3317 156 3346 ⁴
173 3308 463 3381 «Grndibusdispensus
483 3312 515 3361 ub
537 3312 572 3361 al·
586 3306 591 3315 “
607 3312 668 3363 ttait
686 3310 751 3361 silut
771 3324 815 3359 sur
830 3310 854 3359 le
866 3308 1063 3379 montlvutienn,

111 3378 177 3427 tis.»
197 3377 266 3425 ceux
286 3372 330 3436 qui
349 3370 529 3425 dustribuuient
548 3375 572 3427 le
607 3374 698 3424 l'autre
710 3372 777 3421 aruit
788 3372 828 3421 tte
838 3375 962 3419 construit
973 3382 1018 3417 sur
1034 3370 1062 3421 le

112 3441 170 3503 pain
181 3452 213 3489 uu
225 3436 315 3499 ueuple
328 3434 423 3484 etaient
435 3435 517 3499 planes
528 3448 572 3487 sur
605 3441 678 3487 munt
689 3433 811 3499 Esquilin,
820 3434 877 3496 pres
892 3431 926 3481 du
957 3428 1018 3479 aluis
1030 3430 1062 3483 de

111 3503 155 3552 des
168 3501 272 3565 gradens
285 3510 349 3561 puur
360 3509 393 3545 ne
404 3509 449 3610 Fas
461 3498 514 3549 etue
533 3498 570 3551 iu·
605 3499 707 3569 batruu,
718 3509 764 3561 par
779 3494 931 3559 l’empereur
953 3492 959 3508 ¹
977 3496 1064 3546 ustau-

110 3562 254 3615 commodes
266 3573 312 3627 per
323 3559 348 3609 la
360 3559 402 3610 l'uu
430 3596 437 3611 .
606 3567 654 3611 tun.
