2324 3960
433 173 526 225 stiur
541 169 700 223 annuunt).
1005 164 1053 213 rte

204 273 327 331 Ululatus
342 271 367 327 ¹,

206 347 240 401 Et
251 345 368 416 ploratus

169 418 280 476 Frustra
291 414 393 471 dabunt
406 412 517 499 perditi,

205 488 294 556 Quum
309 485 419 558 maligni

206 564 283 616 Saero
295 557 352 630 igni

168 630 258 690 Semel
273 633 354 686 erunt
364 626 463 684 traditi.

204 783 277 837 Heu!
293 778 357 852 quid
369 778 423 885 3³}i’

205 853 265 920 Qud
277 851 379 921 impegi
404 891 412 914 ,

168 923 247 991 Qudd
260 921 354 977 iuielix
363 919 452 977 cecidi

206 994 265 1061 Qud
277 991 417 1048 deducunt

205 1064 291 1132 Quem
305 1063 437 1118 seducunt

170 1135 289 1192 Fraudes
304 1133 388 1190 hastis
399 1130 509 1204 persidit

150 1296 153 1301 ’
206 1295 248 1353 Ad
261 1293 324 1368 quid
339 1292 458 1362 tendam,

205 1365 240 1423 Ut
249 1364 414 1422 tremendam

171 1438 288 1494 Eradam
304 1435 486 1493 sententiam?

207 1509 293 1578 Quem
307 1507 454 1588 requiram,

205 1580 258 1636 Per
271 1594 351 1650 quem
365 1593 432 1634 rram

172 1649 275 1708 iudicis
288 1648 437 1721 elingiam?

208 1809 323 1867 Ollaria

209 1881 269 1953 Qud
282 1881 378 1951 sophia

171 1952 415 2010 Prodiitnttissimi

206 2023 242 2080 Ut
254 2023 389 2080 credendo

208 2096 242 2150 Et
252 2095 390 2167 sequendo

172 2165 258 2222 llomc
270 2171 362 2236 posset
375 2162 484 2234 redimi3

208 2323 418 2380 Formidandum

208 2394 300 2449 Redde
312 2394 442 2451 blandum

121 2496 124 2504 ι
172 2464 296 2521 iudicem
312 2466 488 2538 supplicibus,

208 2537 248 2591 Ne
259 2536 344 2593 iratus

210 2606 251 2663 Ob
263 2614 352 2664 reatus

173 2678 482 2754 Saeristradatiguibus

209 2839 278 2894 lei
289 2840 370 2907 scala,

212 2909 267 2964 Fae
282 2924 326 2965 me
339 2910 406 2965 mala

174 2983 239 3050 Quae
249 2979 411 3054 impugnant
423 2980 545 3050 vincere,

712 267 746 321 Et
758 264 786 319 in
799 263 883 334 bono,

713 335 791 404 Quod
803 349 936 405 proporro,

677 409 840 465 constanter
854 404 1007 478 persistere.

712 567 855 639 Nunquam
868 565 942 620 sinas

715 639 744 693 lu
757 654 800 694 me
812 636 903 709 spinas

679 709 813 766 Vitiorum
827 722 962 776 crescere,

714 779 781 847 Quae
791 780 823 834 ad
837 779 956 835 lructum

715 851 769 906 Nos
781 850 911 907 virtutum

678 924 764 978 Duces
775 937 883 994 semper
896 917 1018 978 tendere.

715 1080 841 1141 Clemens
852 1081 922 1138 dona

715 1153 750 1209 Ut
764 1152 777 1190 3
790 1156 905 1210 Patrona

679 1224 753 1280 Velis
763 1240 823 1280 esse
838 1223 947 1293 misere,

720 1297 754 1351 Et
767 1295 803 1350 sis
812 1308 931 1363 meeum,

717 1366 805 1433 Quum
816 1365 849 1421 ad
861 1380 969 1436 aequum

681 1436 809 1494 Tribunal
825 1451 992 1508 processere.

717 1597 897 1670 Supplicande

716 1671 758 1726 lle
771 1666 932 1725 commendo

682 1743 738 1798 Tuo
750 1739 911 1813 patrocinio,

716 1814 757 1869 Ne
772 1829 818 1868 rex
829 1811 906 1866 lurtis

716 1884 789 1940 Dirae
799 1880 922 1938 mertis⁴

682 1956 779 2010 Tradat
789 1969 832 2008 me
844 1950 987 2024 supplicia.

718 2113 814 2167 Preces
829 2109 912 2166 lunda

718 2183 753 2238 Et
764 2180 899 2252 responde

683 2255 736 2310 Pru
748 2269 791 2309 me
804 2258 866 2308 ante
874 2249 1005 2323 judicem,

720 2325 787 2379 Nam
800 2323 910 2379 etiensae

719 2395 788 2451 Sunt
803 2395 943 2450 immensae

684 2467 749 2535 Quae
764 2472 892 2522 accusant
905 2463 1064 2537 supplicem.

718 2628 909 2697 desperarem,

720 2698 749 2754 Si
763 2713 904 2769 pensarem

682 2771 740 2827 llea
755 2770 861 2825 tantdm
874 2768 978 2836 merita,

718 2840 752 2897 Ni
765 2841 910 2909 audissem,

719 2913 773 2968 Aut
786 2912 933 2968 sensissem

684 2983 722 3039 Te
735 2982 837 3039 salvare
850 2983 961 3056 perdita.

137 3247 145 3275 ¹
178 3241 347 3292 «Uiuimus»
374 3238 480 3301 strophe
500 3238 562 3289 dont
585 3236 656 3286 cidi»
676 3243 714 3289 est
729 3251 794 3302 pour·
811 3252 877 3304 «ego
892 3237 982 3289 infelix
998 3239 1044 3300 qui

586 3438 614 3476 ee
625 3424 665 3474 de.

99 3307 139 3357 les
161 3317 218 3354 sons
239 3302 360 3365 lugubres
376 3308 433 3350 sont
451 3301 510 3350 bien
530 3314 563 3350 en
585 3299 696 3350 cecidi.»

101 3367 235 3438 harmonia
248 3377 307 3415 avec
323 3365 360 3415 les
381 3364 449 3414 idees
470 3363 562 3428 qu’elle
618 3364 629 3392 ³
647 3363 741 3413 «Dona
752 3369 790 3424 ut,
802 3381 814 3408 »
827 3361 942 3413 lais-moi
952 3361 1044 3426 lagrd·

102 3442 225 3491 exprime.

136 3493 148 3523 ²
164 3491 241 3551 «Qud
251 3489 386 3553 impegi.»
403 3489 487 3539 adme
497 3486 562 3538 suis·
618 3487 630 3518 ⁴
647 3487 735 3537 «ltirae
747 3485 870 3547 mortis·
887 3491 927 3536 est
936 3485 959 3536 le
975 3500 1044 3540 eom-

99 3554 128 3617 je
140 3552 239 3603 lreurtt.
258 3578 290 3590 -·
307 3550 400 3611 mute
413 3549 503 3602 infelix
521 3564 562 3601 ee·
586 3546 699 3614 plemam
712 3550 743 3599 de
764 3546 940 3611 «supplicia»
