2324 3960
99 185 143 235 tri
487 176 659 233 teudbertus.

236 282 348 355 lnsidet‚
360 281 435 342 hunc
450 298 562 342 omnem
576 279 691 363 spongia
704 299 794 362 pressa
805 280 888 365 rapit.

195 361 252 424 Nec
263 364 318 441 jam
334 360 417 423 densa
428 380 505 421 sacro
517 359 582 441 quid
603 382 668 421 uam
682 361 716 422 de
728 381 841 443 corpore
853 362 921 423 silva
996 373 1045 424 145

234 442 357 514 Obtiuet,
371 448 418 501 aut
427 440 517 523 plenis
528 381 634 502 fraudat
648 441 681 502 ab
697 442 847 523 exsequiis

77 540 80 545 ’
144 552 147 557 ·
193 523 340 602 Quumque
356 521 499 582 recensitis
513 528 650 583 constaret
664 522 786 603 partibus
801 522 847 582 ille

232 600 360 682 Corporis
376 601 487 683 integri,
503 603 551 677 qui
561 602 659 675 luerat,
676 621 820 676 numerus

194 681 250 742 Nec
260 689 375 764 purgata
389 681 492 764 aliquid
508 681 639 743 deberent
653 683 713 742 aria
726 690 783 743 toto

232 760 273 823 Ex
285 760 409 831 homine.
426 763 540 823 extersis
554 762 697 823 frondibus
708 770 735 823 et
743 760 873 854 seopulis,
996 779 1044 825 rso

193 841 322 903 bletando
335 842 445 925 eligitur
456 842 564 903 tumulo
578 842 674 904 locus:
690 842 765 905 Ostia
780 842 918 924 linquunt,

232 920 321 983 Roma
335 921 436 1003 placet,
448 930 559 984 sanctos
571 942 633 1005 qun
646 930 738 984 teneat
749 922 864 984 cineres.

193 998 272 1063 Haud
286 1003 382 1085 procul
394 1017 519 1064 extremo
532 1003 604 1064 culta
619 1003 654 1064 ad
668 1002 789 1084 pomaria
798 1001 869 1063 vallo

235 1082 322 1144 llersa
335 1082 477 1144 latebrosis
490 1091 581 1165 crypta
593 1090 601 1122 ¹
615 1091 688 1165 patet
702 1082 787 1145 loreis

195 1162 283 1242 lluJus
299 1169 310 1202 ¹
325 1163 353 1225 in
368 1163 505 1225 occultum
519 1163 649 1243 gradibus
665 1163 708 1223 via
741 1183 805 1224 rona
820 1162 927 1224 rellexis
999 1180 1046 1225 rus

248 1264 277 1306 re
289 1265 337 1326 per
347 1243 497 1317 anfractus,
511 1244 573 1304 luce
584 1242 695 1316 latente,
711 1184 802 1305 dbcet

195 1324 303 1386 Primos
319 1345 439 1408 namque
453 1325 524 1386 lores
536 1342 646 1384 summo
660 1330 740 1383 tenus
752 1323 835 1385 intrat
849 1321 937 1396 hiatu,

232 1403 408 1487 illustratque
422 1405 479 1467 dies
488 1403 583 1465 limina
592 1401 730 1464 vestibuli.

195 1481 262 1543 lnde
276 1484 324 1544 ubi
338 1506 484 1567 progressu
496 1484 569 1546 facili
581 1484 734 1569 nigrescere
747 1481 803 1543 risa
818 1491 862 1544 est

234 1560 295 1622 Nor
307 1564 433 1634 obscura.
447 1565 500 1626 loci
514 1585 564 1645 per
576 1584 675 1647 specus
691 1561 864 1643 ambiguum,

198 1641 354 1703 Occurrunt
368 1644 446 1704 caesis
460 1644 583 1706 immissa
595 1644 729 1706 foramina
743 1644 832 1718 tectis,

234 1722 301 1792 Ques
308 1721 415 1800 jaciunt
427 1722 515 1782 claros
525 1732 600 1784 antra
613 1742 695 1804 super
706 1722 806 1783 radios.

198 1801 354 1873 Quamlibet
368 1802 499 1884 ancipites
514 1813 606 1864 terant
619 1803 684 1863 hino
698 1802 762 1862 inde
772 1822 896 1865 recessus
918 1807 929 1842 ⁸

236 1883 316 1944 Arcta
328 1882 380 1943 sub
393 1881 530 1944 umbrosis
542 1883 609 1945 atria
621 1887 632 1921 ⁸
644 1881 805 1965 porticibus,

196 1964 326 2024 Attamen
340 1963 424 2025 excisi
438 1962 530 2024 subter
541 1982 606 2025 cava
619 1962 722 2024 viscera
733 1964 846 2039 montis,

237 2043 337 2107 Crebra
351 2043 487 2106 terebrato
499 2044 602 2105 fornice
615 2044 663 2105 lux
676 2052 810 2128 penetret.

198 2123 246 2186 Sic
255 2124 334 2187 datur
343 2126 463 2188 absentis
477 2146 526 2210 per
538 2127 715 2187 subterranea
726 2124 793 2186 solis

236 2204 355 2269 Cernere
368 2207 406 2269 lul
427 2228 514 2280 orem,
526 2205 731 2287 luminibusque
743 2204 805 2267 frui.

197 2286 310 2350 Talibus
322 2228 462 2372 Hippolyti
476 2308 575 2370 corpus
586 2287 733 2349 mandatur
743 2284 856 2367 opertis,

238 2367 353 2446 Propter
366 2374 376 2407 ⁵
389 2369 436 2428 ubi
447 2370 571 2448 apposita
581 2375 623 2426 est
637 2384 683 2426 era
697 2366 784 2426 dicata
796 2365 864 2426 Deo.

197 2443 246 2501 llla
260 2445 424 2502 sacramenti
439 2444 564 2502 donatrix
577 2462 684 2511 mensa,
701 2443 855 2522 eademque

236 2518 335 2580 Custos
347 2519 401 2579 ilde
415 2520 459 2580 sui
471 2517 595 2596 martyris
609 2518 743 2605 apposita,

197 2596 294 2657 Servat
302 2597 336 2657 ad
350 2596 445 2657 aeterni
458 2614 536 2677 spem
548 2593 649 2672 judicis
659 2613 718 2652 ossa
729 2591 885 2671 sepulchro,

237 2676 327 2736 Pascit
340 2676 406 2736 item
419 2674 518 2736 sanctis
529 2671 699 2733 Tibricolas⁶
714 2671 840 2750 dapibus.

196 2753 261 2815 lllira
272 2755 325 2818 loci
336 2753 432 2837 pietas,
449 2762 477 2815 et
485 2762 610 2836 prorupta
624 2750 798 2835 precantibus
814 2772 860 2812 ars

232 2834 303 2918 Spes
314 2834 461 2896 bominum
475 2834 579 2917 placida
592 2833 771 2918 prosperitate
784 2835 874 2915 juvat.

133 3090 141 3121 ¹
161 3088 285 3153 «crypta.
309 3106 320 3134 u
343 3090 389 3142 Les
406 3097 506 3157 cryptes
521 3094 565 3142 ou'
624 3090 636 3120 ³
654 3085 830 3150 «Quamlibet,
853 3105 865 3131 »
887 3087 1005 3150 quoique.
1018 3116 1050 3128 -

100 3152 255 3204 catacumbes
267 3157 323 3202 sont
338 3151 382 3203 des
400 3156 556 3206 soutarmins
594 3149 742 3215 «Ancipites
753 3163 875 3211 recessus,
885 3166 896 3191 a
907 3149 950 3197 des
961 3149 1050 3198 enton-

100 3218 162 3267 dans
172 3214 278 3279 lesquels
289 3214 326 3265 las
342 3217 467 3278 premiere
484 3218 557 3268 chre·
592 3221 704 3267 nements
716 3211 759 3275 qui
770 3217 827 3261 sont
839 3211 921 3274 places
933 3212 948 3260 a
968 3211 1049 3264 droite

101 3282 166 3333 tiens
175 3294 202 3330 sc
211 3277 403 3344 refugiaientau
413 3279 501 3331 milieu
514 3281 557 3330 des
592 3285 617 3329 et
628 3279 644 3328 a
655 3275 760 3342 gauche.
812 3336 817 3346 .

100 3343 272 3409 persecutions
299 3354 364 3406 pour
385 3341 498 3393 celebrer
522 3343 558 3393 les
625 3341 637 3372 ⁴
655 3340 755 3390 «nicta
769 3341 843 3398 atria,
863 3355 874 3380 ι
891 3335 928 3386 les
942 3337 1050 3403 galerles

101 3404 558 3470 civimmysterasetensevetirleurs
593 3403 702 3456 etroitcs.

102 3476 189 3520 morts.
625 3469 637 3498 ⁵
656 3488 667 3512 a
681 3467 796 3528 Propter,
811 3468 889 3513 »tout
899 3463 965 3527 pris.

133 3534 174 3576 ²«
202 3532 295 3596 Hujus.
331 3552 342 3578 ι
372 3532 559 3585 Snus-entendu
625 3526 905 3596 ‘nTib1·icolns,ales
927 3525 1050 3580 rireruius

104 3601 251 3656 «crypton»
593 3591 907 3658 ulimmerus-Romanis.
