2324 3960
503 144 680 230 munaum.

261 275 367 360 Regem
382 296 531 361 perennem
545 301 594 344 rex
605 284 736 363 perennis
750 280 871 362 protulit,

220 356 252 417 ln
266 376 297 419 se
312 368 481 434 manentem,
496 381 550 423 nec
563 363 699 423 minorem
713 371 768 423 tem
791 382 849 434 ora,

220 436 288 507 Ouia
305 447 413 522 tempus
427 441 505 502 illum
520 462 576 502 non
589 450 679 514 tenet;
692 462 758 503 nam
770 382 916 504 donarent

219 516 401 581 Exordiomm
416 529 467 599 est,
481 529 509 583 et
522 521 642 595 dierum,
656 530 684 584 et
698 530 864 599 temporum,

220 597 260 659 Ex
274 598 355 663 Patre
368 600 494 664 Christus
507 626 513 663 :
529 602 583 665 hoc
596 601 678 665 Pater
691 603 766 686 quod
779 602 873 664 Filius.

259 786 309 848 Hic
323 807 354 849 se
369 788 520 850 ridendum
533 790 660 871 praestitit
671 789 843 862 mortalibus,

219 865 334 930 Mortale
348 889 448 952 corpus
462 870 583 952 sumpsit
598 870 798 943 immortalitas,

219 946 254 1010 Ut
267 947 335 1008 dum
348 948 482 1010 caducum
499 958 588 1030 portat
599 958 718 1012 aternus
731 950 814 1022 deus,

218 1026 344 1099 Transire
359 1036 485 1090 nostrum
498 1037 590 1110 posset
603 1031 637 1091 ad
652 1031 772 1092 coelestia'
787 1052 794 1089 ε

220 1105 309 1171 Homo
323 1118 367 1170 est
378 1119 547 1193 peremptus,
563 1118 591 1173 et
605 1111 752 1173 resurrexit
765 1110 850 1172 Deus.

259 1296 411 1380 Congressa
424 1319 499 1362 mors
511 1308 553 1362 est
564 1300 687 1361 membra
699 1297 816 1381 gestanti
830 1297 904 1357 Deo:

220 1374 291 1438 Dum
305 1388 398 1440 nostra
413 1388 511 1457 tentat,
525 1382 609 1443 cessit
623 1377 834 1441 immortalibus.

220 1454 341 1519 Stultum
356 1465 457 1542 putatis
470 1462 535 1536 troc,
548 1460 678 1542 sophistae
692 1458 787 1521 saeculi
801 1480 807 1518 :

128 1547 132 1554 '
220 1535 274 1599 Sed
287 1540 369 1600 stulta
382 1540 479 1601 mundi
492 1548 501 1581 ¹
515 1560 642 1602 summus
657 1540 740 1623 elegit
755 1539 844 1613 Pater,

220 1614 255 1677 Ut
266 1620 364 1681 stultus
378 1628 450 1682 asset
463 1620 568 1695 saeculi,
581 1620 704 1704 prudens
716 1621 776 1683 lici.

259 1807 456 1891 Antiquitatum
468 1809 589 1883 Romuli,
604 1819 631 1872 et
642 1809 803 1872 Mavortiam

219 1883 325 1969 Lupam
338 1910 473 1963 renarras,
488 1894 607 1973 primum
620 1900 648 1952 et
662 1912 745 1952 omen
760 1892 902 1951 vulturum
912 1893 934 1948 ².
1006 1964 1010 1971 ,

220 1964 249 2026 Si
264 1988 306 2030 res
318 1969 442 2032 novellas
454 1973 570 2054 respuis,
586 1972 624 2032 nil
636 1981 693 2032 tam
706 1990 802 2033 recens
814 1994 820 2029 :

218 2045 268 2107 tn
283 2048 359 2111 mille
371 2050 468 2112 lastis⁸
481 2051 578 2142 implet
590 2051 662 2113 hanc
676 2051 815 2112 aetatulam

219 2127 319 2192 Cursus
330 2129 438 2192 dierum
451 2132 593 2194 conditore
605 2132 639 2192 ab
653 2150 768 2213 augure.

258 2314 394 2380 Sexcenta
409 2338 522 2402 possum
534 2337 618 2399 regna
631 2316 738 2400 pridem
750 2314 860 2378 condita

217 2394 341 2475 Proterre
352 2407 410 2461 toto
421 2401 450 2461 in
463 2400 539 2473 orbe,
555 2402 578 2460 si
590 2399 626 2460 sit
637 2399 735 2470 otium,

215 2474 303 2539 ltlultd
316 2487 380 2541 ante
392 2479 474 2551 clara,
489 2483 574 2563 quam
589 2480 721 2563 capellam
735 2477 902 2542 Gnossiam‘

219 2554 331 2620 Suxisse
345 2559 431 2622 lectur
441 2559 578 2642 luppiter,
590 2561 684 2622 ltlartis
695 2568 771 2643 pater
784 2582 791 2618 r

219 2635 277 2699 Sed
292 2639 338 2701 illa
350 2661 407 2702 non
418 2649 496 2717 sunt,
508 2641 569 2704 hee
580 2649 607 2703 et
621 2641 689 2703 olim
701 2648 859 2705 nonerunt.

156 2834 163 2864 ¹
186 2854 197 2879 a
217 2835 266 2886 Sed
285 2836 363 2888 stulta
385 2837 512 2896 mundi»
533 2840 582 2886 etc.
609 2836 773 2897 Aventinum,
791 2835 834 2885 hic
860 2833 1004 2898 (Romulus)
1026 2836 1071 2886 Pa·

123 2897 196 2948 Saint
210 2898 271 2948 Paul
281 2937 290 2962 ,
301 2901 387 2964 Epitre
399 2903 418 2956 1,
431 2913 481 2949 aux
491 2898 583 2948 Corin·
609 2898 719 2948 latinum
740 2905 853 2962 occupat.
867 2898 939 2949 Prior
961 2899 1005 2948 ille
1026 2913 1070 2949 sex

123 2960 217 3020 thiana,
236 2962 287 3010 ctr..
298 2976 324 3021 n,
343 2976 370 3011 v.
384 2965 411 3012 21
426 2976 432 3011 :
445 2981 456 3005 α
468 2960 516 3010 Sed
527 2973 584 3022 quae
609 2960 789 3017 vulturanum
808 2967 901 3023 postea,
922 2961 965 3011 sed
976 2962 1071 3012 duode-

120 3022 199 3073 stulta
221 3031 281 3075 sunt
301 3025 389 3074 mundi
411 3023 489 3087 elegit
509 3023 583 3080 Deus,
609 3023 659 3072 clm
671 3022 747 3071 ridet.
760 3021 890 3074 Sicrictor
903 3024 1018 3088 augurio,
1030 3038 1071 3073 ur·

121 3090 152 3134 ut
170 3084 310 3135 contundat
325 3087 463 3149 sapientem
474 3091 500 3137 et
512 3083 585 3133 infir·
609 3084 668 3135 bern
689 3084 789 3145 excitat,
809 3085 899 3148 plenus
920 3086 982 3149 spei,
993 3084 1071 3135 betta-

121 3147 267 3197 mamundi
279 3149 358 3213 elegit
379 3150 454 3212 Deus,
474 3153 504 3197 ut
525 3159 585 3196 con·
610 3146 700 3196 tricem
722 3146 833 3197 lorc.lta
845 3148 883 3197 illi
895 3154 993 3197 assueta
1012 3160 1069 3196 san·

123 3208 214 3260 tundat
227 3209 311 3260 fortia.
328 3229 339 3255 a
611 3209 689 3272 guine
701 3216 727 3260 at
738 3210 823 3274 praeda
835 3223 894 3260 aves
914 3208 1068 3273 polliceban-

153 3271 196 3317 ¹«
228 3273 344 3322 Primum
382 3286 458 3324 omen
496 3271 584 3322 vultu·
610 3277 686 3322 tur.»

122 3344 193 3384 rum.
210 3334 306 3385 »Volci
324 3348 352 3386 ce
372 3336 450 3398 qu’on
472 3334 502 3386 lit
522 3335 585 3385 dans
642 3334 784 3390 ‘arastis
800 3355 811 3381 a
825 3334 926 3385 anates.

38 3394 41 3399 ’
121 3394 222 3458 Florus,
244 3396 288 3446 lir.
310 3397 330 3461 l,
350 3397 429 3448 clnt:
451 3417 462 3443 r
483 3396 584 3448 Gemini
642 3397 683 3443 ⁴«
705 3398 833 3462 Capellam
854 3395 995 3455 Gnossiam,
1013 3411 1025 3437 a
1045 3392 1070 3443 la

122 3457 257 3530 (Romulus
268 3464 295 3509 et
305 3460 413 3523 Remus)
425 3464 500 3510 eraut
510 3473 516 3508 :
528 3466 584 3531 utar
609 3461 702 3510 chevre
720 3461 751 3532 da
763 3463 865 3513 Gnosso.
875 3457 934 3507 ville
945 3457 976 3506 de
986 3454 1068 3513 Crete,

122 3528 296 3592 auspicaretur
319 3527 345 3571 et
366 3528 484 3584 regeret,
513 3521 584 3571 adin·
609 3522 761 3595 c'est-a-drre
782 3517 1068 3590 la'chevrertmaltttte,

124 3580 203 3631 hucne
224 3582 333 3646 piacula.
355 3585 448 3634 Romus
470 3589 583 3634 montem
609 3599 652 3648 qm
666 3583 872 3647 allattaluprter.
955 3605 957 3609 ·

952 3667 992 3730 ’1.
