2324 3960
414 195 800 352 Caenina

259 526 282 595 u
311 526 444 598 POETIS
471 516 704 600 camerinus
738 529 947 600 exuerem.

910 770 1045 780 ...-.......

678 787 857 796 e—o-—n—-u———n-—n
860 771 1078 798 —n--n--h-m-

463 970 760 1074 iuvencus,

550 1211 657 1225 Μ

148 1373 222 1420 (laius
244 1371 344 1420 l'ellloe
360 1371 494 1433 aquilinus
512 1371 657 1430 luveneus,
673 1371 754 1432 preire
773 1368 902 1433 eeuagnol,
922 1371 996 1421 vdent
1013 1385 1071 1421 sona

118 1434 274 1483 lonemntln.
288 1434 306 1482 ll
321 1446 352 1483 ne
366 1435 470 1493 oraignlt
483 1447 535 1492 aas,
547 1434 585 1482 dit
597 1435 666 1480 salal.
678 1431 784 1490 lei-omo,
798 1432 828 1481 de
843 1431 903 1482 lelre
916 1447 1001 1494 passer
1013 1447 1073 1483 sous

117 1495 153 1546 les
164 1495 209 1543 lale
220 1497 253 1544 dn
270 1497 348 1546 melre
361 1495 384 1544 la
398 1495 500 1554 maiesle
524 1496 555 1544 de
573 1485 718 1556 l'Eranglle.
735 1496 782 1543 Seu
795 1495 893 1558 nodme,
908 1496 967 1557 qn'il
979 1509 995 1545 a
1007 1499 1070 1545 inli-

116 1556 289 1608 tuleflisloire
301 1557 477 1619 evangelique,
486 1557 525 1606 int
536 1555 651 1619 compos&
660 1568 715 1605 rere
728 1556 777 1604 l'an
789 1559 834 1608 332
844 1558 875 1606 de
887 1557 1068 1609 ideae-Christ.

115 1618 136 1669 ll
154 1620 253 1669 exoilall
272 1620 441 1669 l'admirellon
455 1620 499 1669 des
515 1624 616 1668 auteurs
636 1618 762 1669 ehretiens
784 1619 818 1668 les
837 1619 893 1680 plue
912 1620 1030 1678 illustres,
1045 1627 1070 1671 et

114 1686 187 1731 entre
198 1685 278 1731 autres
289 1684 320 1732 de
333 1685 400 1732 saint
410 1680 518 1741 lemme,
530 1683 561 1731 de
573 1684 639 1730 seint
656 1680 748 1731 Isidore
761 1681 792 1731 do
803 1681 892 1732 sevrlle
905 1686 930 1731 et
941 1681 1067 1731 d'Alculn.

112 1742 239 1794 iuveneas
255 1744 374 1794 e’attaehe
395 1750 493 1794 surlont
517 1746 530 1792 a
552 1746 635 1793 eulvre
654 1746 721 1793 saint
743 1742 876 1803 Mallhlem
888 1752 913 1792 et
931 1743 953 1792 le
974 1746 1069 1795 tradolt

111 1817 219 1867 ermque
235 1812 285 1855 mol
305 1809 319 1855 e
338 1811 400 1863 mot.
413 1819 444 1855 en
468 1806 489 1854 le
507 1805 661 1867 completum
677 1819 710 1854 eu
733 1818 821 1867 moyen
839 1805 883 1856 dee
904 1808 965 1855 trole
985 1811 1068 1857 aulree

114 1859 293 1928 evangelistes.
303 1869 357 1918 Une
377 1867 515 1917 admirable
536 1867 659 1931 proprleld
680 1868 856 1929 d'eapreseion,
872 1879 922 1917 une
934 1868 1068 1931 simpllelle'

110 1931 141 1980 de
154 1929 218 1992 elylo
230 1932 310 1979 touta
326 1931 372 1981 loll
385 1931 459 1991 digne
477 1929 509 1979 do
530 1943 575 1979 son
591 1931 657 1989 nolet
674 1928 710 1979 lui
722 1935 765 1979 ont
775 1928 833 1978 valo
845 1928 979 1979 l’honuenr
991 1931 1067 1980 ‹l‘dlro

111 1996 168 2050 mis,
179 2006 210 2040 au
228 2005 317 2054 moyen
338 1995 393 2052 due,
415 1997 484 2042 entre
505 1993 538 2042 les
558 1997 639 2040 mains
656 1992 699 2040 des
715 1993 802 2051 lennes
824 2004 884 2051 gens
900 1995 925 2041 el
940 1992 971 2041 de
989 1996 1067 2042 servir

110 2055 125 2102 e
146 2052 297 2104 l’eaueauon
310 2055 432 2116 unldique
448 2075 454 2102 ι
474 2068 506 2104 on
523 2057 620 2118 pensnlt
631 2053 697 2103 alors
710 2066 758 2115 que
781 2042 918 2115 ramanae
928 2058 1066 2105 neeaurait

109 2118 161 2166 elre
182 2115 207 2164 lu
232 2123 287 2178 trop
306 2124 421 2167 eourenl.

254 2250 292 2296 ln
309 2249 482 2296 historiam
499 2244 727 2308 Evangelleum
743 2244 910 2291 ermenero.

203 2369 360 2430 lmmortele
374 2368 443 2429 nihil
457 2366 556 2429 mundi
571 2385 705 2447 compage
718 2371 840 2435 tenelar,

202 2448 264 2510 Non
278 2449 362 2521 orbis,
377 2469 435 2510 non
448 2469 478 2510 re
518 2447 705 2519 ehominum,
722 2465 779 2507 non
793 2466 874 2507 aurea
891 2446 990 2519 llorna,

201 2528 263 2590 Non
277 2549 365 2605 mare,
379 2548 437 2590 non
450 2537 478 2590 te
491 2529 544 2600 lus,
560 2546 618 2588 non
632 2528 711 2608 ignea
723 2525 813 2587 sidera
827 2528 888 2587 coeli
903 2549 910 2587 ε

200 2608 271 2670 Nam
285 2610 380 2670 statuit
394 2609 507 2672 Genitor
521 2628 614 2669 rerum
627 2606 804 2668 irrevocabile
818 2617 938 2688 tempas.

201 2689 260 2758 Quo
274 2697 406 2750 cunctum
420 2697 527 2750 torrens
541 2687 628 2770 rapiet
641 2686 753 2748 flemma
765 2686 864 2748 ultima
879 2688 1024 2751 mondum.
1048 2709 1059 2750 Γ»

201 2768 256 2829 Sed
272 2778 366 2830 tamen
381 2769 541 2830 innumeros
555 2767 685 2828 homines
697 2767 824 2829 sublimia
839 2767 920 2841 secla,

200 2849 233 2909 Et
247 2849 357 2910 virtutis
368 2849 459 2909 honos
472 2849 499 2907 in
513 2855 638 2930 tempora
653 2848 736 2928 longa
750 2847 928 2929 frequentant
939 2853 961 2924 ¹,
1025 2874 1030 2883 ·

199 2927 383 2990 Accumulanl
396 2948 515 3010 quorum
528 2927 631 2988 famam
644 2928 795 3009 laudesque
809 2936 916 3009 poetae:

199 3008 255 3070 Hos
273 3009 340 3069 celsi
355 3018 453 3068 cantus
469 3005 616 3086 Smyrnae¹
632 3007 668 3068 de
680 3007 757 3068 fonte
772 3007 900 3081 fluentes,

198 3087 263 3149 Illos
278 3087 445 3149 rauendel
460 3088 579 3148 celebrat
595 3087 711 3148 dulcedo
725 3086 855 3148 Maronis.
1030 3099 1061 3142 ¹0

134 3245 140 3273 ¹
153 3244 355 3304 «Frequenant.
371 3263 383 3289 a
397 3246 566 3305 Freqaeenlore
596 3245 638 3292 dee
650 3245 721 3293 villos
734 3248 776 3305 mai
791 3258 816 3293 sn
835 3245 962 3306 dlsnulent
978 3243 1058 3292 l’hon·

101 3309 176 3354 estrei
190 3307 212 3356 le
222 3320 360 3368 synonyme
372 3309 402 3356 de
421 3307 565 3366 celeb-rore;
595 3319 658 3355 near
672 3307 764 3356 d'aroir
774 3307 856 3356 donno
867 3308 888 3356 lo
902 3312 958 3368 jour
973 3311 987 3353 a
1007 3306 1059 3354 llo·

101 3366 233 3430 sinequea
247 3370 284 3417 dit
299 3370 362 3418 dans
378 3383 412 3418 un
429 3381 485 3416 sons
502 3380 564 3416 aaa·
595 3370 671 3418 mere.
689 3367 752 3418 C'ost
764 3372 884 3430 ponrouoi
897 3383 925 3416 ee
937 3365 1007 3429 poete
1022 3370 1060 3415 eet

69 3456 72 3461 -
101 3426 188 3481 laeuo:
215 3431 387 3493 Frequerelore
412 3429 564 3480 memoriam
594 3430 682 3492 appele
697 3432 845 3494 Smyrnaeus
857 3435 936 3478 rores.

101 3490 222 3554 olieejars.
626 3495 637 3523 ⁵
649 3493 805 3541 «illocalem.
817 3511 827 3535 e
837 3493 868 3538 Le
877 3490 967 3537 lllnelo
975 3499 1059 3536 erroee

128 3555 139 3584 ²
152 3574 164 3597 «ι
178 3557 301 3618 Smyrnae.
316 3574 328 3601 »
341 3557 448 3619 smyrne
459 3559 494 3606 ael
516 3568 565 3604 une
594 3555 721 3615 Marianae,
733 3555 755 3605 la
770 3558 848 3621 aalide
858 3550 1004 3608 deludio„

941 3643 960 3699 l
