2324 3960
427 159 651 227 ruboouueuc.
976 173 1023 221 aaa

167 274 240 337 Hora
252 276 353 339 adsunt
363 274 470 358 quinta,
481 279 584 337 norunt
596 273 739 336 discedere
753 276 844 346 nona,
991 289 1023 333 as
1068 309 1074 319 -

206 356 296 419 Tertia
307 357 331 417 si
345 357 471 425 adducat,
483 367 559 417 sexta
577 355 683 419 reducit
699 374 759 415 eos.

164 435 234 497 Nam
249 436 314 498 dare
324 439 346 498 si
358 437 469 504 debent,
486 441 570 511 nond,
582 436 606 496 si
618 434 762 515 prendere,
774 433 865 515 primd

203 516 322 590 hdsunt,
337 526 434 598 estque
448 516 519 577 citus
531 516 579 596 qui
592 516 673 576 modd
690 534 767 575 serus
780 521 848 575 erat.

166 594 223 668 Sic,
236 617 286 658 sua
298 598 364 657 dum
377 596 488 677 sonipes
498 595 628 659 frenarier
639 616 686 656 ora
701 594 804 676 lupatis

207 675 340 748 Senserit,
353 677 461 748 exiliet3
478 675 574 757 pabula
590 685 687 756 sponte
703 685 787 755 petet.
987 692 1021 738 ⁴0

166 755 279 819 Laedere
289 758 337 837 qui
348 777 466 839 semper,
479 776 620 837 nunqnam
636 755 765 834 prodesse
784 760 905 835 paratus,

208 836 257 898 Sat
268 838 334 908 cite,
346 857 433 918 quum
444 856 589 918 nunquam
599 835 709 906 debeat,
722 836 768 897 ille
779 835 866 897 venit.

389 1080 440 1142 rr.
457 1080 612 1142 meorum
628 1077 675 1128 nu
690 1079 780 1143 juno.
860 1058 897 1093 ”·

168 1275 243 1347 Quos
255 1276 300 1357 pia
313 1277 489 1339 commendat
503 1276 633 1368 probitas,
648 1297 718 1358 qnos
731 1275 801 1335 actio
813 1252 901 1357 justa,

202 1355 335 1417 introduc
348 1358 456 1438 proprio
468 1377 583 1420 nomme
592 1376 734 1441 quemque
745 1375 866 1429 vocans;

165 1435 201 1497 fli
215 1446 307 1497 tecum
320 1438 426 1521 ingenti
437 1443 502 1497 cure
519 1447 688 1517 tractentque
701 1436 861 1517 legantque,
988 1450 1021 1496 ta

207 1515 404 1598 Vestigeutque
419 1519 491 1578 viam
503 1538 566 1599 quae
581 1517 615 1577 ad
629 1516 743 1576 meliora
759 1523 848 1577 vocat.

168 1594 383 1665 dauitorinterca
399 1599 506 1659 turbam
520 1608 677 1678 compescat
690 1596 827 1670 hiantem,

208 1675 249 1736 Ne
260 1684 321 1737 ruat
334 1679 450 1738 interibi
465 1678 541 1760 plebs
558 1679 618 1738 sine
634 1677 694 1758 lege
709 1677 813 1747 furem,

168 1753 243 1816 Neve
256 1757 419 1837 querelifero
434 1758 585 1819 densentur
601 1767 672 1818 tecta
688 1757 838 1828 tumultu1,

208 1835 261 1905 Qui
276 1837 368 1898 minus
383 1838 507 1911 auditur,
520 1841 574 1918 qud
591 1837 679 1918 magis
691 1838 736 1897 illc
753 1837 827 1898 boat.
988 1852 1022 1896 50

168 1913 283 1977 Praemia
298 1937 332 1978 ne
347 1925 452 1998 quaerat
466 1928 612 1978 moneatur
623 1918 727 1995 janitor
741 1917 811 1995 ipse,

208 1995 289 2078 Saepe
302 1999 360 2077 capi
373 2018 388 2056 a
405 1999 504 2076 populo
515 2003 524 2034 ²
535 2016 597 2076 quae
610 1996 737 2055 veniente
750 1996 850 2054 solent.

167 2075 216 2136 Est
228 2077 317 2136 scelus
332 2098 346 2134 a
360 2077 461 2155 populo
476 2076 595 2151 pretium
610 2093 719 2151 sperare
734 2073 875 2152 querenti,

208 2155 252 2215 lllle
271 2154 441 2213 miserumll
460 2153 549 2212 scelus
567 2153 618 2211 hoc
633 2151 734 2231 janitor
751 2153 842 2210 omnis
863 2152 969 2211 amat‘.

168 2231 276 2293 lanitor
287 2233 378 2291 omnis
388 2236 471 2300 amat,
484 2250 540 2291 non
555 2230 608 2290 hoo
624 2242 718 2289 tamen
732 2229 832 2289 arbiter
846 2229 915 2309 odit,
984 2247 1018 2293 55

212 2309 260 2370 Vix
272 2311 306 2371 de
322 2311 396 2369 mille
410 2329 490 2383 unus,
506 2310 553 2390 qui
569 2313 677 2370 horreat
688 2309 764 2376 illud,
778 2309 840 2369 erit.

171 2387 243 2448 Sunt
255 2391 335 2450 variae
349 2391 449 2461 inest,
464 2410 542 2450 arnor
552 2402 593 2450 est
607 2397 700 2449 tamen
712 2409 784 2449 unus
797 2387 925 2461 habendi,

211 2467 263 2540 Qui
276 2471 369 2552 potiris
380 2469 455 2531 luror
464 2478 517 2544 est,
528 2474 612 2552 quam
626 2469 787 2530 vocitandus
799 2489 887 2530 amor.

102 2712 143 2755 ¹«
174 2711 329 2770 Querelilero
361 2713 524 2776 tumultu,1›
553 2726 584 2762 ou
594 2711 617 2760 le
627 2711 745 2760 «medius
754 2709 1019 2762 fidiucudesanciens.

68 2771 136 2823 loule
149 2775 271 2832 brunante
285 2776 316 2824 de
337 2775 463 2836 plaideurs
483 2775 527 2838 qui
554 2776 621 2824 Nous
641 2775 759 2823 assistons
782 2776 797 2821 a
818 2774 842 2822 la
866 2775 968 2824 retrahe
987 2774 1018 2824 de

67 2848 93 2883 se
111 2837 261 2897 querellent.
554 2845 635 2887 tontes
646 2851 687 2886 ces
708 2836 841 2885 hahitrrdes
858 2836 892 2884 du
911 2836 1019 2900 langoge

100 2899 110 2930 ²
128 2898 212 2960 «Capi
226 2912 240 2946 a
254 2899 353 2960 populo,
363 2919 375 2943 n
385 2900 438 2948 etro
453 2912 527 2962 cecus
555 2905 629 2962 paren
646 2899 690 2961 qui
713 2900 817 2948 doivent
830 2898 970 2961 reparaitrc
987 2912 1020 2948 au

67 2957 99 3006 de
116 2958 140 3007 la
152 2968 208 3021 part
220 2960 253 3007 du
268 2961 365 3027 peuplc.
556 2973 610 3012 uvre
622 2962 706 3010 siecle.

101 3023 111 3050 ³
132 3021 193 3070 «Me
203 3025 338 3071 miserum!
351 3042 361 3066 n
374 3023 443 3071 (lette
452 3022 530 3072 inter·
590 3024 601 3054 ⁴
620 3044 630 3066 «
652 3024 750 3083 Scelus,
763 3028 811 3072 etc.
825 3041 836 3067 a
853 3023 944 3073 Recine
952 3059 961 3084 ,
984 3021 1022 3073 lec

64 3084 160 3148 lection
172 3084 231 3134 rant
241 3085 299 3134 bien
310 3088 331 3134 le
341 3104 354 3128 n
363 3085 528 3134 mehercule»
558 3086 707 3145 Plcideurs,
724 3092 778 3135 acto
791 3086 809 3148 l,
824 3087 897 3136 scene
907 3099 934 3134 r:

210 3239 241 3278 On
257 3240 306 3277 avait
317 3240 365 3277 beau
380 3240 457 3277 heurter
471 3245 490 3276 et
508 3239 576 3278 nr'drer
593 3253 626 3277 rou
642 3241 737 3291 chapeau,

210 3289 241 3326 0u
258 3292 345 3326 rr'unlrait
360 3289 412 3338 point
428 3290 473 3329 cheu
493 3301 540 3324 nous
557 3301 601 3326 raus
615 3290 691 3335 punimur
710 3292 727 3326 le
742 3296 837 3328 murtenu.

211 3338 265 3375 eolat
276 3339 369 3386 d'argent.
381 3339 435 3386 point
447 3338 469 3374 dr
484 3337 553 3382 cuium
570 3345 589 3375 et
605 3351 636 3375 mu
654 3347 708 3388 porte
726 3340 773 3376 eluit
785 3340 840 3376 close.

100 3490 113 3527 ⁸
130 3488 222 3553 «Sunt
237 3490 314 3541 varie
330 3490 406 3551 vires,
428 3490 471 3538 nil
486 3503 529 3554 pa
556 3491 658 3554 «Unus,
671 3511 682 3537 ι
694 3493 725 3542 de
752 3491 777 3542 la
804 3491 888 3543 meme
907 3495 1017 3553 nature,

69 3548 202 3602 differente
217 3551 307 3616 uepres
318 3551 349 3604 do
364 3552 485 3616 cupiditt.
497 3579 529 3593 -
555 3553 586 3605 de
595 3555 714 3607 lameme
724 3555 821 3618 espece.
