2324 3960
347 186 498 237 CLAUDIUS
514 186 633 237 llllllUS
649 183 778 235 VICTOR.
997 186 1041 235 Μ

184 284 288 360 Noctis,
301 290 330 347 et
338 284 433 347 effusis
447 286 499 347 lte
511 284 658 347 uirtutibus
672 281 782 364 imples.
1006 297 1040 342 oo

185 365 222 427 Et
233 375 328 428 tamem
336 365 398 427 hoo
409 386 496 447 quum
509 365 564 427 sint
575 364 605 427 io
616 363 758 445 majestate
771 360 911 439 creandil,

184 444 230 507 Nil
244 447 344 507 horum
355 464 419 527 que
428 444 605 527 gignieegeo,
616 444 771 524 mundique
785 441 887 525 peracti

185 526 221 589 Et
229 546 278 608 por
290 535 319 588 te
332 526 422 589 stabili
436 546 530 587 rerum
544 544 677 606 oompogo
690 523 829 585 manentis

185 605 231 666 Nil
245 626 371 689 prorsum
384 605 497 687 indigus
506 624 550 667 os:
562 624 615 667 neo
627 606 657 667 iu
668 605 722 665 hoo
732 611 779 665 tua
809 602 875 663 lorio
889 602 1009 673 tuntum,

186 684 266 757 Quod
277 686 445 769 praestando²
457 685 525 747 lacis
538 685 628 747 bonus
642 693 770 763 uinctum
819 681 894 763 quod
908 691 936 744 et
948 682 1042 763 ipsaio

186 766 302 829 Efficere
314 778 345 829 ut
358 767 465 848 possint
477 766 567 827 causis
581 764 702 846 praebero
714 762 843 825 secundis

187 844 248 906 Non
263 846 423 928 dedignaris
437 868 443 904 ε
456 866 520 926 quie
533 846 582 926 qui
594 856 639 906 tuo
656 864 771 905 munera
783 842 877 915 sentit,

187 925 286 987 llunus
299 936 327 987 et
341 930 399 1009 ipse
410 933 491 986 tuum
505 932 564 987 est:
578 924 628 986 tibi
642 933 674 986 ut
687 925 736 985 uni
750 932 860 1004 accepta
875 921 976 985 referre

188 1005 287 1068 Omnia
300 1005 386 1069 hoino
400 1005 500 1066 merito
509 1005 652 1088 possitque
665 1012 693 1066 et
702 1004 802 1067 debeat
813 1022 898 1064 unus.

227 1186 298 1246 Num
311 1186 359 1247 tibi
372 1187 441 1260 sola,
458 1186 633 1273 Deus,'gigni
647 1188 722 1273 quod
736 1196 836 1249 cuneta
853 1184 965 1266 juberes
1011 1199 1042 1244 45

188 1264 274 1325 Causa
287 1266 337 1327 fuit
351 1266 474 1329 bonitas:
488 1290 573 1353 quum
584 1268 668 1353 jussis
684 1268 775 1329 vivere
791 1264 912 1347 primum

189 1342 345 1424 spiritibus,
356 1348 515 1437 muudoque
524 1350 578 1410 srui
589 1368 673 1429 quem
686 1354 778 1407 mente
789 1344 914 1426 gerebas,

189 1424 279 1505 Atque
293 1446 390 1489 onmes
403 1448 431 1489 in
446 1438 474 1490 te
493 1448 587 1490 rerum
604 1444 771 1506 cognoscere
783 1444 894 1499 oausas;

188 1502 223 1564 Et
235 1526 317 1588 supra
329 1515 415 1569 terras
429 1518 457 1569 et
470 1528 555 1588 aquas
568 1504 683 1567 volitare
694 1504 802 1567 dedisti.

188 1582 267 1645 Certa
279 1588 397 1667 quihus⁸
407 1586 510 1648 ooelum
525 1585 616 1663 sedes,
626 1584 707 1669 queis
720 1585 804 1649 libera
818 1585 901 1649 eorda
1011 1602 1044 1645 oo

190 1663 394 1747 Arbitriumque
408 1670 452 1728 sul
462 1666 576 1749 largitus
590 1686 620 1728 es
633 1666 777 1729 omnihus:
788 1676 822 1728 ut
832 1667 890 1748 jam

190 1741 354 1805 Alterutrum
369 1746 397 1807 io
412 1756 515 1829 partem
529 1746 641 1817 vellent,
654 1768 684 1809 se
698 1758 806 1810 vertere
819 1760 949 1828 possent:

191 1820 226 1880 Ut
240 1822 318 1885 lieres
328 1825 411 1906 justis
420 1848 537 1907 meroes,
551 1830 713 1909 uioritisque
722 1830 831 1899 olorum

190 1899 248 1964 lloo
260 1925 370 1987 quoque
385 1908 523 1969 contortos
536 1914 702 1989 praestando,
711 1914 743 1968 ut
760 1906 868 1967 debitor
879 1923 964 1965 esses.

187 1978 257 2042 Nom
293 1986 347 2046 uod
359 1988 394 2048 de
407 1987 504 2067 primis
514 1986 620 2048 ooelosti
638 1988 666 2047 in
686 1986 752 2047 sede
766 1985 865 2046 creatis
1016 2002 1047 2044 55

186 2060 263 2127 Unus
272 2004 342 2123 aum
354 2066 424 2125 lucio
437 2065 567 2136 Domino,
577 2066 695 2145 uitaeque
706 2082 812 2143 suoque

189 2139 294 2201 Invidet
306 2146 420 2213 auctori,
433 2144 601 2223 titulumque
612 2145 690 2203 hunc
704 2142 834 2223 appeto,
845 2146 940 2201 auotoi·

189 2217 286 2279 Maluit
297 2239 359 2281 esse
372 2221 451 2294 mali,
465 2222 639 2310 primamque
650 2220 780 2280 inducere
792 2226 920 2292 mortem,

191 2299 261 2360 Cum
273 2301 409 2361 scelerum
422 2300 501 2360 souis
511 2300 586 2362 celso
601 2299 723 2361 de'ectus
735 2299 854 2380 olympo,

192 2378 292 2439 Virtuti
306 2379 377 2440 nihil
390 2379 455 2441 indul
470 2388 526 2442 tuae
539 2320 714 2462 praejudicat:
728 2377 794 2441 illud
1016 2397 1048 2441 oo

192 2458 242 2520 Cui
256 2461 321 2522 satis
335 2470 377 2522 est
390 2460 486 2523 secisse
496 2460 621 2523 honum:
637 2461 686 2523 sed
701 2461 779 2542 eopia
792 2458 882 2523 laudis

191 2538 255 2600 Haeo
268 2550 310 2602 est
320 2562 430 2603 summo
440 2549 506 2612 tuo,
519 2541 593 2624 quod
607 2563 693 2624 quum
707 2561 738 2602 se
747 2540 880 2603 extollere
893 2540 974 2620 suprl

191 2619 280 2680 Diviui
294 2621 422 2682 virtutem
434 2622 520 2703 apicis
534 2623 624 2684 scelus
637 2630 719 2691 esset,
735 2630 763 2685 et
777 2621 876 2703 ingens

191 2697 309 2781 Rolligio
322 2702 399 2763 nullo
407 2722 534 2782 prorsum
545 2702 671 2765 delebilis
683 2702 769 2776 undo,

193 2777 254 2840 Non
270 2782 402 2842 tamenin
438 2781 490 2842 atis
503 2783 589 2845 vitoni
601 2802 770 2864 sensumque
780 2780 905 2862 negasti:
1017 2792 1048 2834 65

194 2857 268 2928 Quin
280 2861 363 2922 etium
375 2882 405 2923 ur
424 2861 487 2922 itrio
501 2863 602 2925 mentis
614 2864 736 2945 gaudere
749 2861 859 2923 dedisti.

234 2938 292 3001 Neo
306 2946 398 3002 lamen
412 2940 517 3003 arbitrii
528 2952 625 3005 nutura
639 2943 670 3005 in
680 2951 831 3023 utrumque
844 2940 961 3002 valentis

135 3122 141 3150 ¹
162 3122 215 3173 «Et
225 3128 320 3182 tamen,
334 3130 393 3182 eto,
404 3142 415 3167 o
426 3129 451 3173 et
466 3136 556 3185 cepen—
592 3132 619 3173 et
640 3125 703 3188 ipso.
727 3140 740 3170 «
759 3125 813 3187 lpsu
828 3144 842 3171 u
872 3122 998 3185 reiuplaoe
1020 3122 1050 3170 ici

101 3184 169 3246 dant,
188 3198 286 3234 comme
306 3193 362 3235 tout
380 3185 433 3234 oola
452 3184 557 3235 n'oxiste
596 3187 770 3248 «prestanda,
783 3204 797 3233 u
1025 3200 1033 3209 ⁶

101 3258 150 3337 qu?
159 3248 381 3359 paffigtuilsgouoe
391 3248 559 3359 ufloatrgtloloogffl
611 3250 662 3360 ,ἔδει
672 3248 777 3309 Quibus.
788 3246 964 3299 »Anttotdeut
975 3263 987 3288 ι
1000 3243 1051 3307 spi-

162 3327 173 3353 !
298 3324 340 3357 la
370 3326 384 3356 l)
425 3324 452 3359 OS
609 3324 618 3359 l
688 3330 720 3358 ,Β

101 3369 162 3421 dont
184 3378 211 3421 tu
239 3372 293 3422 dois
320 3347 384 3421 lo’ire
407 3372 509 3442 present
533 3369 559 3434 (t
594 3324 806 3423 rllelsTitulum
826 3372 895 3420 huno
913 3380 944 3437 ap
976 3364 1016 3416 tit.
1038 3383 1049 3408 ι

102 3431 243 3496 l'homme).
255 3460 286 3471 -
296 3432 472 3484 construisez:
486 3451 499 3475 α
511 3432 560 3481 Sed
596 3436 671 3485 Satan
684 3435 783 3492 voulut,
798 3446 844 3495 pur
854 3442 932 3492 orgue
954 3462 961 3485 2
973 3426 1053 3490 S'llssa-

101 3494 169 3556 quod
194 3508 246 3545 non
274 3494 420 3559 dedignaris
448 3492 561 3557 praebore
597 3495 635 3546 lor
656 3497 735 3547 &son
751 3496 874 3545 ereoteur.
887 3490 954 3543 Tolle
968 3488 1007 3541 lut
1025 3487 1051 3541 lo

101 3554 182 3607 causis
191 3556 309 3608 secuodls
317 3562 346 3606 ut
355 3557 451 3619 potuine
460 3555 562 3609 ettioore
598 3570 673 3616 causo
684 3560 716 3611 de
728 3570 756 3608 sa
765 3556 851 3608 oliuto.
