2324 3960
366 156 482 208 nauum
497 157 537 207 nu
553 143 741 207 ranicuann.
999 156 1045 204 aas
1083 194 1086 201 .

231 258 294 320 lam
303 258 343 320 sic
351 257 523 340 supplicibus
537 256 666 320 diviserat
678 257 772 319 omnia
787 257 883 340 egenis

192 339 227 401 Ut
241 339 298 400 sola
310 339 399 400 cresis
414 345 424 379 ¹
437 348 613 420 superessent
621 339 743 405 tutamina
758 338 908 399 memhris:

190 420 282 492 Quum
301 418 390 480 subitd
404 418 544 480 horrentis
556 401 666 500 graciali
681 419 782 500 frigore
795 417 901 478 brumae
914 422 925 454 ²
1011 432 1045 477 oc

190 500 286 561 Nudus
304 499 333 560 in
347 518 493 560 occursum
506 507 652 581 properat:
667 500 712 559 vix
722 498 803 559 verba
817 496 944 560 frementi

190 579 344 641 Dimidians
356 579 497 661 praefracta
512 599 580 640 sono
590 598 600 660 3
616 578 665 640 sed
677 598 758 640 causa
770 576 933 661 loquelam3

190 660 315 747 Expedit,
332 668 360 720 et
371 659 474 739 linguae
485 667 575 800 partes
587 659 736 740 proclamat
744 679 872 724 erumna.

190 740 360 801 Praetereunt
371 743 474 816 cuncti,
495 738 692 821 ¹astiditamque
704 740 844 820 querelam

190 819 320 902 Despexit
331 819 432 881 misero
444 819 613 897 locupletum
625 819 732 880 insania
742 819 809 879 risu.
1012 835 1043 879 ss

192 899 321 961 Substitit
328 900 449 961 incertus
463 899 577 960 confuso
589 912 700 983 pectore
713 905 826 960 sanctus

191 979 261 1050 Quid
275 980 389 1052 faceret;
405 1000 471 1040 nam
484 989 580 1041 votum
594 979 696 1052 aderat,
709 979 862 1041 substantia
877 977 981 1042 deerat.

191 1060 256 1121 Sola
271 1059 443 1142 superfuerat
454 1079 553 1142 corpus
566 1068 672 1122 tectura
686 1059 808 1132 beatum,

191 1138 226 1201 Ut
240 1160 358 1221 semper,
372 1139 509 1222 duplicata
521 1140 654 1222 chlamys,
668 1159 730 1222 quae
744 1138 832 1220 frigus
846 1144 874 1198 et
888 1137 1005 1199 imbrem

192 1220 354 1298 Ventorum,
371 1228 399 1281 et
412 1220 517 1281 rabiem
528 1221 670 1302 geminato
688 1226 794 1280 arceret
811 1217 924 1279 amictu.
1010 1235 1044 1280 70

191 1298 343 1381 Stringitur
353 1301 482 1377 invictus,
495 1301 555 1361 sine
565 1299 680 1361 crimine
690 1297 822 1371 vulneris,
837 1297 910 1358 ensis
921 1318 930 1370 ;

191 1380 225 1440 Et
240 1381 359 1441 mediam
370 1390 474 1441 resecat
484 1381 622 1441 miseratio
638 1378 752 1461 prodiga
765 1385 883 1460 partem,

191 1459 317 1540 Pejorem
336 1458 398 1532 sibi,
414 1461 505 1532 credo,
528 1460 624 1542 legens
638 1464 668 1518 ⁴:
686 1467 746 1519 tum
766 1457 889 1541 membra
904 1459 1044 1520 trementis

192 1539 262 1601 Ohte
283 1542 312 1614 it,
329 1550 357 1601 et
370 1541 480 1600 tradens
495 1539 615 1631 aliquem
626 1538 661 1600 de
672 1547 745 1601 veste
757 1548 891 1621 teporem,

191 1619 253 1680 lam
263 1561 369 1682 leviore
383 1618 478 1681 habitu
495 1622 591 1702 recipit
601 1619 635 1682 de
648 1618 747 1703 frigore
761 1627 879 1704 partem.
1012 1635 1044 1682 75

232 1779 256 1841 0
269 1779 343 1854 felix,
356 1779 455 1839 virtute
468 1777 654 1854 tnamiracula
663 1777 777 1840 vincens

191 1858 301 1938 Omnia,
317 1868 345 1920 et
359 1859 494 1920 excedens
512 1857 622 1919 Domini
633 1868 769 1940 praecepta
777 1856 902 1939 jubentis
914 1860 920 1918 l

193 1940 241 2000 llle
255 1939 359 2001 etenim
371 1938 479 1999 modico
497 1945 642 1998 contentos
656 1942 666 1976 ¹⁵
679 1957 730 1998 nos
741 1937 821 2018 jubet
832 1957 904 2010 esse,

193 2018 250 2080 Nec
260 2037 368 2079 servare
382 2017 450 2077 duas
464 2024 569 2075 vestes:
582 2024 613 2076 tu
625 2015 724 2076 dividis
733 2034 831 2076 unam.

193 2097 357 2178 Adspiciunt
370 2113 478 2165 omnes,
490 2093 536 2152 alii
550 2092 679 2152 deformia
696 2094 788 2153 rident
1012 2113 1045 2157 uc

193 2175 341 2254 Tegmina,
354 2190 406 2230 nec
415 2178 532 2230 cernunt
544 2172 626 2250 mage
649 2190 744 2253 verum
758 2171 788 2230 iu
805 2170 888 2233 corde
904 2171 1044 2236 decorem.

195 2254 245 2311 Ast
259 2251 306 2310 alii
319 2268 415 2308 secum
427 2256 592 2329 compuncto
604 2248 686 2309 corde
697 2256 850 2329 queruntur

194 2329 335 2390 iustitiam
348 2327 471 2406 potuisse
485 2326 576 2408 inopis
589 2331 600 2364 ⁰
615 2327 764 2388 decernere
776 2328 868 2410 egenti

195 2409 282 2471 Divite
294 2406 368 2490 quod
380 2424 465 2468 censu
476 2406 626 2469 susbtantia
641 2407 718 2489 larga
729 2412 867 2490 negasset.

232 2566 290 2635 N‘ec
301 2589 377 2631 mora
392 2569 460 2653 quin
471 2576 546 2631 tanto
560 2568 690 2631 reddatur
707 2569 798 2652 palma
811 2558 962 2654 triumpho.
1014 2589 1048 2640 85

195 2654 266 2716 Nam
279 2652 325 2713 vix
341 2650 463 2712 defessos
476 2660 560 2712 strato
572 2651 703 2732 rejecerat
713 2657 788 2713 artus

195 2733 352 2796 Admittens
360 2740 483 2804 tenuem,
497 2731 572 2813 vigili
589 2730 637 2792 sed
650 2730 741 2805 corde,
760 2751 905 2814 soporem;

196 2815 344 2895 Necscpcr
358 2811 505 2883 illuderet,
519 2812 676 2897 quia-mens
689 2819 791 2874 attenta
802 2811 930 2894 vigebat:

134 3056 277 3114 ¹«Exesis‚
290 3054 432 3119 »lnaigres
586 3055 767 3107 commences
792 3059 897 3104 trouver
923 3055 956 3105 ici
984 3060 1050 3106 cette

131 3120 166 3164 ἀ
190 3119 321 3170 Horrentis
335 3119 468 3181 brumam»
486 3116 560 3168 biver
587 3119 688 3167 nalvete
716 3115 856 3166 sirituelle
892 3119 919 3167 ui
943 3118 1006 3167 rend
1028 3118 1050 3165 si

103 3182 214 3232 terrible.
588 3179 705 3244 agreablc
727 3130 752 3228 b
769 3178 865 3229 lecture
873 3130 917 3229 des
928 3179 1002 3229 recits
1013 3179 1050 3228 le-

132 3247 142 3275 ³
157 3246 263 3294 «Causa
278 3244 422 3307 loquelam,
436 3248 496 3302 atu,
510 3260 520 3284 ι)
535 3254 561 3291 sa
589 3242 723 3306 gendaires
732 3241 767 3290 du
779 3254 872 3304 moyen
882 3242 937 3304 age.

100 3310 277 3358 mallreureusc
288 3307 397 3370 position
412 3305 481 3369 parle
499 3317 563 3366 pour
623 3305 659 3348 ⁸«
681 3305 816 3354 Contontos
837 3305 943 3362 modico,
960 3321 971 3347 a
987 3314 1046 3351 con-

100 3371 147 3433 lui,
161 3378 187 3420 et
204 3384 230 3418 sa
241 3372 333 3418 misere
343 3376 381 3418 ost
393 3382 443 3416 urie
455 3374 521 3415 enmc
532 3367 562 3417 dc
590 3372 659 3418 tents
669 3368 699 3416 ilc
715 3381 771 3430 peu.

101 3433 207 3544 langpgc
217 3433 259 3497 qm
272 3432 397 3498 roumnce
408 3443 447 3480 ses
459 3441 563 3495 propres
607 3429 798 3542 t{apliuppitippp
809 3427 928 3538 1{proprisi
945 3426 969 3474 la
986 3425 1048 3476 cba-

112 3507 209 3544 ›aroes
591 3506 613 3543 rr
667 3505 681 3542 c
738 3505 754 3542 u
834 3503 869 3540 un
910 3500 997 3540 auvre.
1018 3511 1049 3525 -·

103 3509 111 3558 ι
134 3555 144 3588 ⁴
167 3575 178 3601 u
201 3557 305 3623 Lageus,
315 3573 329 3606 u
343 3556 564 3608 clroisissent.·0n
592 3504 765 3615 «Decerndre,
777 3572 788 3598 a
802 3504 909 3615 donner?
922 3550 1047 3603 accorder.

698 3722 701 3727 Ι
858 3637 916 3702 u.
1076 3626 1138 3917 ς
