2324 3960
506 158 728 220 rfldonnnefle

240 267 269 329 ln
291 286 377 330 ennas
391 267 595 329 artesstudinm
610 267 659 328 tibi
674 268 778 328 discere
793 267 906 329 tandem

272 288 397 420 {xstitit
412 357 440 409 et
455 349 560 410 cultum
576 349 620 409 his
631 358 727 429 pectus
739 347 839 408 hahere
852 348 950 411 satis¹.

238 429 359 489 arnone
371 428 455 489 divini
471 429 519 489 tibi
531 429 638 489 tradere
651 431 778 510 dogmata
788 427 866 489 verbi

283 509 332 570 Est
344 509 429 580 labor,
443 519 472 568 et
484 509 591 589 popidis
602 510 663 588 jura
675 509 776 569 referre
790 507 856 587 poli.

241 587 309 649 Inde
323 609 436 650 manere
446 589 496 650 tibi
512 588 632 670 prudens
642 589 750 650 solertia
767 587 858 658 debet,
1068 607 1099 650 15

281 666 418 730 Omnibus
430 680 461 729 ut
474 669 615 749 specimen
630 671 678 733 sis,
695 668 791 744 decus,
806 667 884 747 ordo,
901 664 1016 729 modus.

242 748 304 819 Qud
315 750 403 829 magis
414 769 443 810 es
457 750 569 815 cetsus2,
582 749 695 809 humilis
707 749 795 827 magis
810 767 871 811 esse
881 755 1040 822 memento,

280 828 371 891 Gratia
385 837 412 891 te
426 828 567 890 altithroni
580 830 648 890 ditet
660 839 691 888 ut
702 829 772 890 alma
785 828 843 888 Dei.
1052 837 1054 840 '

240 909 306 970 Esto
321 909 400 970 bonis
415 930 511 991 agnus,
527 910 569 970 ico
584 909 703 971 fervidus
714 907 926 987 cstomatignis‚
1045 978 1050 987 ,

286 989 352 1050 Pars
366 997 441 1050 amet
455 994 503 1050 ista
515 999 631 1072 patrem,
646 991 697 1050 ut³
711 990 755 1049 iila
768 998 894 1069 pavescat
908 988 1028 1061 herum
1066 1005 1099 1048 ao

247 1067 395 1152 Quomque
408 1070 460 1150 piis
473 1070 559 1130 suecis
571 1071 642 1148 pius,
657 1080 684 1129 et
697 1069 833 1130 districtus
847 1067 966 1147 acerbis,

281 1149 320 1210 Te
335 1170 396 1232 pars
411 1150 471 1210 lrrec
482 1160 599 1210 matrem
614 1150 723 1221 sentiet,
741 1150 785 1210 ida
800 1157 917 1225 patrem.

219 1296 222 1301 4
241 1227 285 1290 Sit
300 1230 347 1290 tibi
358 1231 432 1311 larga
448 1250 557 1302 manus,
570 1229 709 1311 piacidum
723 1249 781 1300 cor,
798 1228 887 1288 dulcia
901 1227 1006 1298 verber
1079 1261 1083 1264 ·

281 1309 327 1370 Sis
344 1311 444 1391 probos
457 1321 483 1370 et
495 1311 591 1381 solers,
607 1320 749 1390 promptus
763 1307 797 1369 ad
808 1328 891 1368 omne
904 1308 1027 1369 bonum.

241 1389 296 1451 Sed
308 1391 374 1471 qnid
389 1412 452 1472 ago,
469 1391 511 1450 vei
524 1392 578 1471 qud
589 1409 720 1449 menone
734 1408 796 1450 mea
808 1387 900 1449 fistula
912 1388 1012 1450 ducit?
1067 1408 1099 1452 25

282 1469 407 1550 [doctoris
419 1471 517 1531 similis
526 1490 588 1531 sum
599 1470 682 1530 nrodd
698 1467 785 1530 sactus
800 1489 863 1548 ogo.

241 1548 280 1609 Te
294 1570 390 1626 precor
401 1551 515 1618 interea,
535 1563 634 1612 nostrae
647 1559 825 1610 memoresto
841 1548 939 1623 minae,

282 1628 365 1690 Orata
378 1643 405 1689 et
421 1630 545 1711 precihus
559 1631 613 1691 sors
626 1632 696 1691 maia
710 1640 800 1690 nostra
812 1629 894 1689 leves.

241 1708 345 1769 Forsan
358 1717 385 1768 te
398 1719 493 1770 orante
503 1715 525 1784 Β,
541 1710 710 1790 fratrumque
725 1711 835 1780 iuvante
845 1714 964 1783 catervd,

266 1830 269 1837 -
281 1788 458 1869 Omnipotens
470 1790 579 1849 venium
591 1792 637 1850 det
650 1790 806 1850 miserando
818 1795 828 1827 ⁵
840 1788 928 1861 mihi;

241 1867 276 1928 Et
288 1888 338 1930 nos
352 1869 434 1929 exilio
447 1869 550 1930 relevet
565 1871 710 1931 miseratus
723 1871 756 1930 ab
770 1871 833 1946 isto,

280 1947 382 2029 doseph
396 1949 444 2030 qui
459 1950 561 2010 exemit
574 1970 681 2011 carcere
696 1952 752 2010 sive
766 1953 888 2010 Petrum.

241 2029 301 2111 lpse
312 2029 378 2102 Deo,
393 2030 489 2101 fateor,
502 2031 659 2113 peccamine
676 2030 759 2090 multa
776 2029 882 2111 peregi,

281 2109 348 2182 Quae
362 2121 491 2194 superant
505 2132 623 2172 numero
636 2119 731 2185 temet,
743 2130 824 2170 arena
837 2109 932 2181 marie,

240 2191 275 2252 Et
288 2192 387 2268 plunae
401 2201 503 2272 gntae,
517 2194 601 2252 maris
614 2192 728 2264 undam,
739 2191 827 2251 sidera
845 2188 920 2267 coeli,

273 2270 431 2333 Herbarum
451 2272 574 2346 frutices,
588 2271 711 2353 germina
726 2281 823 2331 cuncta
836 2269 898 2331 soli.

241 2350 306 2412 Haec
319 2362 384 2413 sunt
399 2372 536 2412 aerumnas
551 2373 602 2434 ego
621 2371 670 2411 cur
688 2372 748 2411 sum
764 2351 865 2411 missus
880 2350 908 2409 in
918 2349 1002 2410 istas:

281 2431 348 2492 Esse
363 2453 414 2492 nec
428 2440 459 2492 ut
472 2432 574 2491 dehent
587 2440 651 2491 sunt
666 2432 737 2491 maia
752 2442 826 2490 tanta
842 2430 919 2491 mihi.

241 2509 303 2572 Non
318 2511 376 2592 regi
391 2521 438 2571 ent
450 2511 529 2590 proli.
546 2530 601 2569 non
618 2513 687 2588 ejus,
702 2511 794 2585 crede,
803 2511 889 2589 jugali

283 2590 427 2660 Peccavit,
440 2600 472 2648 nt
483 2589 589 2648 meritis
600 2587 660 2648 haec
676 2589 744 2647 mala
761 2597 833 2648 tanta
848 2589 959 2653 veham.

243 2669 330 2730 Crede
342 2669 410 2728 meis
421 2668 522 2741 verbis,
537 2667 619 2726 frater
631 2667 810 2738 sanctissime,
823 2668 904 2727 crede

280 2747 324 2808 Me
331 2747 437 2843 objecti
451 2745 664 2827 haudquaquam
677 2746 801 2807 criminis
812 2767 872 2809 esse
884 2767 974 2812 reum.

174 3063 182 3092 ¹
203 3080 215 3104 r
232 3063 298 3112 Satis
310 3077 323 3108 n
335 3062 401 3124 joint
420 3075 451 3110 an
469 3061 556 3124 positit
568 3063 604 3113 lui
662 3065 674 3094 ⁴
693 3084 705 3109 α
725 3066 825 3114 orante.
840 3083 852 3108 o
866 3063 964 3128 Syttabe
983 3065 1106 3130 altongec

141 3123 224 3175 donne
233 3127 401 3175 tres-souvent
410 3126 513 3174 dansles
522 3124 605 3187 poetes
633 3141 678 3189 pac
691 3128 713 3175 la
726 3129 811 3177 cenre
822 3135 847 3176 et.
861 3140 904 3189 par
917 3126 951 3174 les
964 3127 1032 3177 deux
1042 3143 1105 3180 con·

142 3187 177 3236 du
196 3201 287 3252 rnoqen
303 3188 349 3250 age
370 3189 393 3235 ta
406 3189 492 3235 vateor
511 3189 544 3235 du
564 3203 603 3238 sn-
632 3204 722 3240 sennes
736 3203 778 3252 qur
792 3190 899 3239 scirent.

142 3250 251 3313 perlatis,
279 3259 304 3300 et
328 3257 365 3301 est
392 3249 555 3312 l'equivalcnt
574 3252 604 3302 dc
664 3251 1104 3315 ⁸oMierando.„Gerondif3dans

141 3311 225 3364 valde.
632 3328 660 3364 sa
672 3315 842 3364 misericorde.

175 3375 186 3404 ⁹
205 3395 216 3420 ι
234 3376 351 3427 Celsus.»
368 3374 460 3438 Voyez‚
473 3390 536 3440 page
550 3381 605 3440 264,
664 3378 675 3407 ⁸
695 3394 707 3425 o
728 3379 783 3425 Non
803 3378 887 3441 regi...
907 3377 1019 3440 peccavi,
1043 3397 1055 3422 ι
1073 3379 1103 3442 je

142 3443 236 3489 notet.
633 3440 682 3488 n’ai
703 3439 758 3489 rien
779 3439 823 3489 fait
844 3447 930 3489 contre
949 3440 972 3488 le
990 3441 1040 3503 roi,
1072 3443 1102 3492 ni

175 3500 323 3554 *autem
333 3502 401 3565 long.
410 3499 502 3565 Voqea,
513 3516 538 3567 p.
549 3509 603 3567 258,
632 3510 785 3553 contremo
807 3501 861 3565 dle,
891 3503 918 3551 ni
943 3509 1033 3552 contre
1050 3514 1100 3555 m

64 3588 67 3595 ‚
143 3567 202 3612 note
217 3570 239 3615 1.
632 3565 791 3626 epouse,etc.

16 3638 189 3736 fae?
260 3695 262 3698 ,
