2324 3960
421 186 514 238 sttui
531 186 689 238 admetto.
996 192 1039 240 ttt

197 283 293 342 ltentis
306 298 416 343 cursum

197 356 283 414 Tendi
294 371 402 413 sursum

164 426 275 485 Pietatis
283 428 385 497 studio,

199 500 302 572 Corpus
315 499 389 572 angi,

197 570 286 628 Motus
299 570 309 608 ¹
324 570 411 643 frangi

163 641 216 700 Pro
229 639 464 714 eoelestinraemio.

198 793 239 849 Tu
255 793 371 865 portdsti

198 867 275 920 Inter
287 865 352 920 easti

163 934 285 991 Claustra
293 935 396 992 ventris
408 931 557 990 Dominum

198 1005 417 1078 Redemptorem,

199 1076 242 1132 dd
260 1076 393 1134 honorem

163 1147 219 1204 Nos
229 1147 379 1205 reformans
393 1143 550 1221 pristinum.

199 1301 380 1372 Materiaeta,
440 1337 443 1345 ,

199 1372 255 1429 Sed
267 1373 378 1441 intaeta,

164 1442 286 1501 Geuuisti
302 1442 401 1513 lilium,

200 1516 303 1586 Regem
313 1531 420 1585 verum,

203 1591 290 1658 Atque
304 1602 394 1641 rerum

166 1658 321 1750 Creatorem
332 1656 463 1714 omnium.

201 1809 345 1866 Benedicta

206 1882 259 1938 Per
279 1898 357 1954 quam
372 1881 442 1936 vieta

166 1953 215 2009 Est
228 1952 313 2009 hostis
325 1952 454 2009 versutial

200 2024 346 2080 Destitutis

202 2097 255 2165 Spe
270 2094 363 2150 salutis

166 2165 249 2222 Datur
264 2163 450 2236 indulgentia!

205 2314 368 2371 Benedictus

203 2388 260 2441 Rex
272 2385 399 2454 inuictuS,

168 2455 250 2529 Cujus
263 2461 348 2511 mater
358 2453 488 2523 crederis,

216 2526 268 2595 Qui
283 2533 372 2583 reatus

204 2599 243 2654 Ex
257 2606 284 2654 te
299 2605 377 2654 natus
523 2654 526 2664 ,

166 2671 251 2728 Solvit
264 2665 489 2744 nostrtgeneris2
503 2669 509 2722 t

201 2823 358 2893 Reparatrix

202 2895 236 2949 Et
249 2893 359 2947 solatrix

167 2963 338 3034 desperantis
355 2963 462 3030 anime,

203 3037 226 3092 A
238 3036 376 3106 pressuri,

204 3106 268 3173 Quae
281 3112 392 3161 venturo

165 3179 240 3235 llalls
252 3184 303 3248 est,
317 3193 359 3236 me
373 3175 492 3235 redime.

129 3402 137 3432 ¹
162 3400 275 3460 «Motus,
287 3419 298 3445 a
317 3401 352 3450 les
365 3403 484 3463 passione

704 287 759 341 Pro
772 302 815 342 me
830 292 891 358 pete

704 357 740 414 Ut
751 357 841 429 quiete

668 429 983 502 ¹sempiterndperiruar,

705 500 745 556 Ne
755 501 897 557 tormentis

705 570 897 628 Comburentis

669 641 762 715 Stagni
775 642 859 699 miser
870 643 978 700 obruar.

705 793 803 862 Queat
815 795 935 868 requiro,

706 864 784 932 Quod
798 866 915 939 suspiro,

670 935 727 992 llea
738 953 802 993 sana
813 938 937 1009 vulnera,

705 1009 740 1064 ttt
753 1008 787 1065 da
801 1009 887 1066 menti

706 1080 743 1135 Te
758 1079 883 1151 poscenti

671 1150 822 1208 Gratiarum
834 1165 948 1207 munera
960 1173 968 1208 ε

708 1303 742 1359 Ut
756 1303 808 1360 sim
821 1308 921 1367 castus,
1016 1336 1032 1367 e

708 1376 743 1430 Et
757 1373 903 1437 modestus,

673 1445 776 1508 Dulcis,
787 1445 914 1519 blandus,
926 1442 1042 1516 sobrius,

708 1515 782 1585 Pius,
799 1523 900 1585 rectus
1008 1524 1022 1549 ⁸

709 1586 941 1659 circumspectus.

675 1659 822 1718 simultatis
833 1658 942 1716 nescius
947 1677 956 1731 3

709 1811 846 1880 Eruditus‚

709 1885 742 1939 Et
754 1883 874 1939 munitus

675 1952 780 2008 Divinis
793 1951 918 2025 eloquiis,

710 2024 863 2077 Timoratus

709 2094 742 2149 Et
756 2098 868 2148 ornatus

676 2163 764 2220 Sacris
779 2161 933 2233 exercitiis,

710 2314 854 2382 Constans,
869 2313 958 2386 gravis

710 2387 744 2441 Et
757 2385 858 2455 suaviS,

676 2457 822 2529 Benignus,
836 2454 971 2525 amabilis,

712 2528 842 2598 Simplex,
854 2543 938 2598 purus

712 2601 746 2655 Et
758 2604 889 2667 maturuS,

676 2671 786 2727 Patiens
798 2676 825 2728 et
836 2669 945 2728 humilis
952 2691 961 2744 3

712 2821 799 2878 tlorde
812 2820 942 2894 prudent,

713 2894 765 2949 Ore
781 2892 893 2949 studens

676 2965 823 3020 Veritatem
834 2965 926 3022 dicere
935 2965 961 3035 ⁴,

711 3035 808 3091 Malum
819 3037 927 3106 uolam,

712 3108 797 3162 Deum
814 3106 906 3163 colens

676 3176 725 3233 Pio
738 3193 845 3248 semper
855 3193 947 3250 opere.

583 3400 711 3463 exprimde
724 3417 770 3468 par
795 3414 876 3454 «mea
902 3410 964 3449 sana
986 3395 1045 3446 rul-

128 3463 141 3494 ¹
159 3464 261 3513 «Nostri
272 3464 395 3528 generis»
407 3469 443 3514 est
453 3463 477 3512 le
487 3474 555 3513 eorn-
583 3476 653 3513 uera.
665 3482 677 3508 n

99 3524 213 3590 plement
222 3526 254 3575 de
271 3532 388 3578 oreatus.
401 3544 413 3570 ι

616 3526 625 3557 ⁴
641 3545 652 3571 α
664 3528 772 3578 studens
782 3527 917 3579 veritatem
929 3523 1042 3584 dicero.»

130 3587 141 3616 ²
159 3606 170 3632 α
183 3589 254 3648 Quod
268 3608 279 3634 υ
302 3603 317 3639 a
334 3596 440 3653 rapport
455 3588 556 3641 al'idde
582 3595 680 3639 armant
692 3591 706 3639 d
718 3591 772 3641 dire
782 3589 914 3642 leverim..

910 3666 975 3724 ns.

1090 3670 1106 3711 ai
