2324 3960
433 163 524 216 snluu
539 165 697 219 BERNARD„
1006 166 1054 218 tit

208 261 231 319 0
246 260 321 319 beuta
711 265 746 320 Et
758 262 793 321 de
805 265 884 321 melis

209 334 330 391 Miserata
715 335 856 393 Universis

88 461 91 465 .
148 453 152 457 .
173 407 273 464 Preces
286 410 393 463 uestras
405 405 526 480 suscipe,
679 407 733 464 Nos
743 409 893 467 clementer
903 407 990 482 eripe.

401 586 530 636 exnunc
551 588 591 635 un
611 566 743 637 u'unurc
762 590 795 636 x.
860 627 867 634 .

204 711 286 782 Virgo
301 718 404 783 sancte,
714 711 832 784 Supplex
842 728 890 769 cro

205 783 380 852 fidecensis,
713 784 746 840 Ut
759 783 881 840 inchoro

168 853 378 924 narid1proles
390 853 498 928 inclyte,
679 853 718 913 Te
733 861 886 912 sanctorum
899 854 1014 924 rideam,

206 923 254 979 Pit
268 940 350 996 prece
713 927 748 981 Et
762 925 862 982 divinae

205 994 259 1050 Nos
269 995 302 1050 de
316 1010 383 1052 nece
714 996 779 1052 Sine
788 996 843 1052 fine

170 1065 348 1122 Peccatururn
357 1066 463 1125 suscita.
679 1068 755 1124 Dono
769 1067 838 1125 tucis
852 1066 989 1141 gaudeam.

206 1214 298 1271 Proles
310 1216 414 1282 cesset
714 1216 894 1275 JesuChristc

205 1286 258 1341 Per
269 1303 349 1360 quarn
360 1288 440 1346 fessae
715 1291 768 1346 Per
777 1286 946 1361 quem³iste

170 1355 340 1415 Roborantur
352 1359 460 1427 animae,
679 1360 792 1416 Mundus
805 1359 893 1430 prinid
905 1358 1051 1424 sacenses,

205 1429 259 1485 Fac
271 1445 321 1487 nos
334 1430 429 1501 fortes,
716 1431 882 1487 Horcofteus

204 1500 239 1555 nt
251 1501 378 1559 cohortes
717 1502 770 1558 Per
779 1516 859 1583 quern
873 1516 936 1557 reus

169 1569 354 1629 Terebrarum
366 1573 494 1646 reprime.
680 1574 766 1631 Home
777 1571 903 1630 liberatus
914 1577 976 1644 est;

205 1721 249 1777 Ab
263 1721 306 1778 his
321 1723 381 1779 tetis
715 1723 855 1782 iictuende

204 1792 275 1849 Tuos
290 1795 357 1850 vetis
712 1797 780 1868 Rex,
796 1795 911 1855 defende
938 1796 941 1801 “

170 1864 310 2003 δυὸρϋοθε
321 1865 479 1939 defendere,
679 1868 733 1924 Nos
744 1868 847 1924 ematis
862 1866 999 1934 omnibus,

229 1934 304 1992 uibus
315 1940 386 2009 perit
715 1939 807 1995 Redde
817 1939 906 1992 uicem
926 1999 928 2004 ¹

203 2008 331 2081 Quisquis
345 2010 444 2082 quaerit
714 2009 789 2063 Hunc
801 2007 910 2062 felicem

96 2079 103 2139 ’ζ
169 2078 249 2135 Carni
261 2078 427 2136 satisfacere.
680 2079 790 2134 Mariam
802 2075 962 2133 colentibus.

205 2227 379 2302 urgereris,
714 2228 749 2284 ut
764 2231 898 2282 restaures

204 2300 258 2354 Nos
272 2297 388 2370 aprenis
585 2304 588 2309 “
714 2298 780 2364 Noe,
793 2297 853 2352 haec
866 2312 944 2353 cures

167 2367 466 2442 SatvagefrennufibuS,
679 2367 1014 2441 Tuuspufsctprecibus4,

203 2438 260 2496 Nec
275 2439 412 2495 substerni
714 2441 779 2497 ffaec
792 2445 927 2497 sustentet

204 2509 258 2567 Nos
273 2509 373 2566 inferni
712 2512 747 2567 Et
759 2516 907 2583 praesentet

167 2580 244 2639 Sinas
259 2580 434 2640 cruciatibus.
677 2582 741 2640 'fuis
755 2598 805 2639 nus
817 2581 978 2655 aspectibus.

203 2733 391 2791 Vitamfaeturn
712 2734 769 2790 Rex
782 2739 895 2806 aeterne,

201 2805 236 2860 Et
247 2804 367 2875 quietam
710 2805 759 2861 Pic
774 2821 856 2862 cerne

168 2875 220 2930 Fac
231 2890 280 2928 nos
290 2889 398 2945 semper
409 2890 501 2947 egere,
677 2875 819 2948 Supplices
830 2876 941 2946 iutuitu,

204 2943 357 3001 Utvirtutis
712 2949 746 3002 Et
757 2946 859 3004 illustra

202 3017 236 3072 Et
245 3014 339 3070 salutis
712 3015 801 3072 Corda
815 3025 906 3074 nostra

168 3085 336 3143 Gaudeamus
349 3101 473 3143 munere.
677 3087 964 3161 Tucsunctcspiritu.

128 3305 136 3336 ¹
156 3302 289 3352 «David»
307 3300 411 3352 Genitif.
582 3300 696 3374 ‹rnorrrnia
705 3317 751 3366 per
761 3303 847 3367 ipsum
858 3303 924 3376 facte
934 3310 1003 3366 sunt,
1013 3309 1040 3355 et

94 3365 278 3479 nozegfesse.»
296 3364 389 3429 chez,
411 3375 475 3428 page
494 3363 551 3423 327,
580 3366 808 3478 ffiuffisscswm
819 3373 856 3416 est
869 3365 951 3425 nihil,
970 3366 1037 3429 quod

127 3491 139 3519 ³
157 3490 323 3553 «Perquem,
341 3493 412 3538 etc.»
430 3486 551 3552 Evangife
612 3487 622 3518 ⁴
640 3489 730 3540 «Haec.
744 3509 755 3534 n
768 3489 856 3538 Maria.
869 3514 900 3525 -
919 3507 931 3534 ι
953 3489 1036 3541 Precf·
1139 3497 1140 3500 ’

95 3550 165 3602 seton
184 3549 250 3601 saint
269 3551 342 3614 teau,
374 3550 415 3602 cfr.
438 3565 457 3615 1,
473 3564 498 3601 v.
511 3553 550 3609 ,ὃς
578 3548 707 3614 bus-fes
718 3551 814 3615 priercs
828 3551 859 3602 de
870 3550 957 3602 Marte.
1001 3591 1005 3598 .
