2324 3960
387 181 502 231 cauom
519 179 557 229 ne
576 165 740 228 ramanus.

192 283 379 357 Hebdomade,
396 303 443 344 sex
457 280 544 343 aestivi
553 281 696 362 flagrantia
710 279 777 340 solis

192 363 325 437 Solstitia,
340 372 369 424 et
381 363 497 424 totrdem
511 361 617 422 brumae
627 360 686 441 jain
699 359 799 440 frigora
810 357 876 435 vidi,

191 444 229 505 Te
241 445 361 506 donante
374 490 382 522 ‚
397 442 490 514 Deus3
506 442 575 522 lapsi
587 442 634 521 qui
648 439 780 579 temporis
794 456 882 499 annos
1013 440 1043 494 r'o

192 524 505 599 Instaurandonovas1,
521 540 603 581 cursu
615 520 708 580 revolu
728 517 771 579 ilis
782 518 845 579 aevi.

192 603 237 664 Sit
248 602 317 664 mibi
331 604 371 665 las
381 602 466 683 igitur
478 619 558 661 versu
573 607 623 659 tua
634 600 707 660 dona
718 607 865 659 canentem

193 684 326 764 Pangaeo,
341 692 367 742 et
377 701 518 763 expressas
531 678 621 740 verbis
635 699 690 759 quo
710 698 746 739 ue
756 677 876 759 pendero
890 680 990 757 grates,

97 754 110 805 2'
192 761 267 833 Quas
278 762 408 845 equidem
424 772 451 821 et
462 760 555 820 clauso
569 699 731 819 scimustibi
743 756 825 818 corde
837 762 940 838 patere,

191 840 269 905 Ultro
279 843 293 880 ²
303 842 350 903 sed
363 842 530 930 abrumpens
545 838 634 899 tacitae
648 836 798 920 penetralia
812 835 913 896 mentis
1013 848 1045 891 ao

193 921 308 984 Fontem
320 921 484 983 exundantis
498 921 554 981 roti
568 939 620 978 uox
635 918 746 978 conscia
759 916 859 998 prodit.

232 1083 274 1143 Tu
285 1081 354 1143 mibi
364 1081 476 1143 lactanti
487 1079 560 1142 vires
574 1081 603 1141 in
615 1099 729 1162 corpore
739 1078 820 1139 inerti

192 1162 235 1225 ld
248 1162 388 1223 toleranda
401 1162 452 1222 viae
466 1160 612 1245 pelagique
626 1161 729 1221 incerta
740 1157 839 1219 dedistl
852 1178 859 1227 ;

192 1242 290 1305 Editus
303 1250 335 1303 ut
347 1242 442 1312 Pellis,
459 1242 532 1302 inter
544 1240 679 1302 cunabula
693 1237 835 1319 quondam

192 1322 277 1403 Regis
290 1321 447 1392 Alexandri,
462 1340 548 1403 prope
559 1322 662 1382 moenia
676 1316 898 1397 Thessalonices,
1013 1333 1046 1377 25

195 1402 275 1463 Patre
286 1411 400 1483 gerente
409 1402 485 1463 vices
498 1401 611 1461 illustris
623 1398 805 1482 praefectura,

194 1480 277 1543 Orbis
288 1480 323 1543 ad
336 1481 448 1542 alterius
463 1480 593 1542 discretas
607 1498 718 1561 aequore
727 1486 814 1540 terras

194 1561 374 1633 Perveherer,
388 1560 501 1641 trepidis
511 1560 652 1621 nutricum
663 1558 784 1621 creditus
799 1559 883 1633 ulnis,

110 1644 113 1651 '
194 1641 333 1723 Ninguida
346 1659 395 1721 per
415 1660 451 1701 ue
459 1642 537 1723 juga,
551 1649 579 1701 et
589 1646 677 1701 sectas
685 1640 853 1701 torrentibus
865 1640 891 1701 al
910 1656 950 1710 es,

193 1660 517 1803 Oceanumquelietrrm,
531 1720 664 1805 Tyrrheni
677 1729 704 1782 et
717 1720 833 1803 gurgitis
846 1658 946 1791 undas,
1009 1732 1042 1777 ao

193 1800 296 1862 Maenia
311 1800 435 1862 Sidoniae
446 1801 621 1884 Carthaginis
634 1821 724 1882 usquc
737 1802 872 1875 venirem,
928 1829 932 1836 ·

193 1880 266 1941 Ante
279 1900 362 1940 suum
372 1900 448 1941 nono
461 1885 546 1963 quam
552 1890 701 1952 menstrua
712 1880 777 1941 luna
787 1900 900 1941 recursu

193 1957 268 2021 Luce
280 1964 379 2020 novata
389 1959 485 2022 orbem
496 1968 592 2022 nostro
607 1959 757 2039 compleret
769 1960 803 2020 ab
817 1968 880 2020 ortu
893 1962 917 2017 ³.

193 2039 264 2116 lllic,
278 2048 311 2099 ut
321 2038 415 2109 didici,
428 2039 556 2100 tersenis
569 2037 713 2098 mensibus
725 2039 814 2109 aclis(

192 2116 252 2177 Sub
266 2117 392 2197 genitore
405 2122 490 2176 mco*
503 2117 677 2196 proconsule,
694 2136 790 2177 rursus
803 2116 838 2176 ad
850 2110 949 2197 aoqiior¹
1014 2127 1045 2172 ³⁵

193 2199 381 2275 Expertasque
394 2194 453 2253 vias
466 2213 591 2269 revocor,
603 2195 713 2254 risurus
724 2200 752 2253 et
765 2195 844 2255 urbis

194 2274 295 2352 lnclyta
307 2270 475 2331 culminibus
487 2271 626 2352 praeclarae
639 2272 740 2345 moenia
756 2272 865 2335 Romae.

195 2351 264 2423 Quae
277 2352 371 2411 tamen
382 2349 455 2410 haud
464 2356 548 2411 etiam
559 2370 643 2412 sensu
655 2352 829 2433 agnoscenda
844 2354 947 2427 tuentis

195 2430 363 2511 subjacuere
376 2428 456 2503 mihi,
473 2430 522 2491 sed
536 2440 596 2512 post
608 2438 747 2513 comperta
759 2432 847 2494 relatu

193 2508 312 2572 Assiduo
324 2508 443 2581 idomm,
460 2509 560 2591 quibus
576 2511 635 2573 haec
648 2522 709 2572 turn
722 2518 787 2573 nota
800 2511 888 2588 luere,
1013 2533 1046 2579 ao

197 2589 372 2672 Propositum
387 2610 499 2651 servans
510 2592 610 2672 operis,
623 2591 766 2653 subdenda
780 2594 889 2683 putavi.

192 2672 317 2732 Tandem
328 2678 422 2731 autem
432 2680 527 2732 exacto
542 2670 688 2754 longarum
698 2671 755 2733 fine
764 2692 883 2747 viarum,

191 2752 327 2831 lllaJ'orum
338 2750 368 2810 in
379 2751 505 2832 patriam,
518 2752 653 2834 tactisque
665 2752 797 2813 advectus
809 2754 899 2827 avitis,

193 2831 370 2911 Burdigalam
383 2835 393 2869 ⁸
408 2831 484 2908 areni,¹
498 2831 577 2913 culus
591 2833 714 2915 speciosa
724 2834 864 2895 Garumna

97 3064 194 3116 ncesse
217 3074 333 3137 compose
353 3062 468 3134 d’autant
483 3064 553 3114 dan·
589 3068 619 3117 de
629 3068 764 3119 l’indicatil
773 3068 877 3134 present
892 3070 923 3120 de
946 3068 1045 3131 «noro,

98 3128 157 3177 nees
178 3127 240 3190 qu'rl
265 3124 364 3188 pade
391 3138 463 3187 Jours
490 3126 552 3177 dans
590 3144 718 3179 novare.»
1025 3132 1029 3137 '

98 3203 152 3261 une.
175 3189 296 3239 semaino.
312 3186 417 3259 Puisque
440 3188 463 3237 le
480 3191 552 3250 poete
620 3192 747 3242 ⁹«Ultrb.
760 3212 771 3237 ι»
784 3194 816 3243 V.
827 3208 852 3257 p.
865 3194 921 3251 230,
934 3198 992 3242 note
1001 3184 1026 3251 b,

97 3258 165 3302 avait
186 3252 264 3301 douze
291 3260 414 3298 semermes
434 3249 552 3301 d'annees
620 3256 656 3299 ὃιι
667 3255 757 3306 Nostro
766 3256 797 3305 ab
806 3263 873 3317 ortu,
883 3273 895 3300 ι
905 3254 994 3317 depuis
1002 3246 1045 3304 ma

94 3321 120 3364 et
137 3314 169 3373 de
187 3312 292 3377 plussin
305 3324 359 3373 ans,
371 3311 389 3359 il
412 3311 472 3362 otuu
487 3313 551 3363 donc
588 3316 725 3366 naissanee.

97 3376 145 3443 age
165 3376 199 3447 de
221 3380 331 3445 quatre·
341 3372 482 3436 vingt-dix
507 3390 553 3425 ans
621 3379 632 3408 ⁴
646 3397 657 3421 r
669 3379 788 3429 Genitore
800 3392 866 3437 mco,
879 3396 890 3420 »ι
904 3389 964 3425 mon
976 3376 1043 3440 pere.

99 3437 212 3499 lorsqu'rl
241 3436 331 3486 ecrrvrt
362 3434 551 3487 l'Euelaaricti·
589 3439 746 3489 Nousarons
766 3440 804 3489 dit
826 3438 911 3502 quola
932 3440 992 3500 perc
1010 3438 1045 3497 du

97 3512 154 3560 que.
589 3504 660 3565 poete
672 3517 698 3553 se
711 3502 835 3551 nommait
849 3498 994 3611 Hesperius.

128 3560 136 3589 ¹
153 3559 264 3609 aumas.
276 3578 288 3603 ι
301 3554 412 3609 Secunde
427 3573 551 3623 personne
622 3565 633 3595 ⁸
652 3564 848 3627 «Burdigalam.
866 3581 878 3607 ι
918 3554 1046 3623 ordeaairi,
