2324 3960
597 192 689 243 SAINT
713 190 798 242 nvn.

470 383 527 465 DE
556 382 737 465 DILUVIO
766 382 921 465 MUNDI.

613 550 771 567 *ιιι-ια·

283 634 331 687 11.
348 636 465 703 Ιιίιιςο
479 638 626 700 naphaei
642 644 734 749 plppet:
750 642 773 686 rs
786 638 853 687 Noe
868 640 918 686 les
933 638 1050 689 ordre·
1066 636 1109 684 de

306 842 355 904 Est
368 841 415 904 illa
427 843 457 904 in
469 842 557 916 curiis,
570 862 702 905 numeres
714 843 762 924 qui
776 843 897 924 praeterit
909 862 1020 920 ornnes,

266 921 415 1003 Angeiicus
427 923 489 985 sine
502 922 559 984 srne
572 922 684 995 chorus,
696 924 743 1005 qui
756 922 838 984 laude
851 924 966 1006 perenni
1072 942 1126 988 455

267 1001 427 1065 Conclamat
440 1003 614 1084 celebratque
626 1002 728 1080 Deum,
740 1002 901 1064 famulantia
913 1012 1012 1067 suetus
1058 1054 1064 1065 .

268 1081 351 1143 Ferre
365 1083 529 1155 ministeria,¹
538 1091 566 1145 at
574 1083 659 1165 jussis
673 1102 768 1165 parere
778 1084 916 1165 supernis.

269 1161 320 1222 Hi¹
336 1180 410 1223 nunc
423 1162 497 1243 quod
511 1170 618 1225 rectum
631 1163 756 1224 mortalia
769 1162 849 1225 eorda
864 1174 1020 1245 precantur,

269 1240 427 1324 Concipitur
438 1242 529 1323 dignis
542 1262 619 1304 sacre
630 1242 705 1325 quod
718 1252 828 1333 pectere
840 1243 922 1322 vetis,

268 1319 407 1413 Quidquid
420 1322 495 1404 larga
509 1342 608 1383 rnanus
621 1323 740 1384 ecilectrs
753 1322 858 1405 spargit
871 1323 977 1403 egenis,

269 1400 425 1483 Exciprunt,
436 1412 587 1484 senemque
598 1401 691 1463 ferunt
702 1421 785 1484 super
795 1412 867 1463 astra
877 1402 980 1465 relatu.

269 1479 343 1551 Quin
358 1482 441 1543 etiam
453 1482 553 1563 justos,
569 1482 672 1565 fragilis
685 1482 752 1543 dum
765 1482 819 1543 vita
833 1482 939 1564 fatigat,

269 1559 415 1632 Tutantur‚
431 1562 584 1643 mundique
597 1564 670 1625 inter
682 1562 841 1623 discrimina
856 1569 977 1623 servant.

269 1638 327 1700 Sed
337 1647 429 1701 umen
441 1640 472 1700 in
482 1642 590 1703 cunctis
604 1642 737 1723 praecellit
746 1642 843 1703 clarior
853 1642 900 1702 ilie
909 1647 933 1718 ¹,

268 1716 386 1780 Maxima
398 1739 516 1801 quaeque
529 1720 591 1793 Dei,
603 1741 660 1802 quo
673 1720 848 1805 dispensante
861 1722 999 1797 ministre,
1076 1740 1128 1787 465

269 1796 325 1859 Res
356 1799 448 1872 enitar,
460 1802 633 1881 summisque
644 1809 722 1881 parat
734 1801 862 1883 mysteria
873 1802 974 1864 causis.

270 1876 322 1969 Hic
335 1819 486 1970 §paninum
499 1879 561 1941 coeli
574 1888 733 1951 venturum,
747 1902 861 1963 corpore
873 1890 998 1965 sumpto,

269 1956 390 2047 Virgrnrs
402 1966 533 2021 intactam
543 1960 636 2040 jussus
648 1960 772 2042 praedixit
782 1966 793 2000 ⁸
805 1963 836 2022 in
846 1960 951 2035 alvum,

270 2037 410 2122 Sacraque
420 2039 505 2102 dotali
516 2040 663 2123 complevit
671 2041 777 2103 viscera
787 2042 881 2123 aeripu.

227 2174 231 2179 .
270 2118 323 2182 Hie
337 2128 366 2181 et
379 2120 506 2203 Baptistae
518 2141 687 2204 precurrens
700 2122 815 2184 nuntius
825 2130 927 2196 crtum,

270 2199 418 2283 Desperata
432 2201 481 2263 diu
494 2202 562 2265 dum
574 2202 656 2265 ferret
666 2202 793 2284 germina
803 2201 874 2342 patri
886 2207 910 2280 ⁸,

272 2279 346 2341 inter
358 2301 432 2343 sacra
446 2281 537 2344 virum
549 2283 711 2360 conterruit,
724 2290 753 2344 et
765 2283 801 2343 du
823 2282 922 2343 itantes

271 2359 403 2423 Protinus
415 2362 524 2425 insolitu
539 2362 679 2425 restrinxit
690 2381 767 2423 mere
780 2362 903 2443 loquelas
920 2412 925 2423 ,

272 2438 367 2503 Donec
378 2440 507 2522 praedieto
519 2442 668 2502 fecundam
678 2440 805 2502 redderet
815 2449 877 2501 ertu

271 2519 360 2580 Prolis
371 2539 466 2591 anum,
478 2519 579 2581 multus
592 2518 693 2579 sterilis
703 2538 766 2599 quae
776 2526 852 2578 tenta
862 2538 912 2599 per
922 2540 1011 2583 annos

272 2596 355 2659 Fudit
369 2596 496 2659 diffidens
507 2597 587 2658 effeta
602 2615 734 2678 puerpera
747 2594 847 2656 fetum.

272 2675 325 2738 Hic
339 2696 431 2739 rerum
441 2676 527 2737 solers
539 2694 720 2754 summusque
731 2672 920 2756 archangelus,
936 2676 992 2739 aito

272 2758 344 2817 Aera
357 2753 563 2837 perliquidum,
576 2753 682 2815 levibus
693 2752 876 2815 circumdatus
890 2756 973 2831 auris,

271 2833 448 2915 vibratasque
459 2853 573 2896 movens
586 2832 674 2917 ignito
688 2833 718 2894 in
734 2852 846 2916 corpere
859 2854 976 2919 pennas,

271 2908 347 2979 Nulli
360 2914 514 2998 conspectis
526 2914 560 2979 ad
573 2922 673 2977 terram
686 2912 806 2978 motibus
819 2916 884 2978 ibat.
1076 2945 1135 2995 430

178 3063 224 3135 qui
245 3062 346 3122 traduit
366 3064 452 3121 ainsi:
474 3068 547 3123 «les
563 3074 643 3123 astrea
660 3097 691 3109 -
711 3088 723 3117 a
741 3068 847 3135 Juseus,
866 3088 877 3115 a
897 3083 943 3134 par
970 3070 1065 3127 l’ordre
1093 3082 1128 3134 de

178 3132 391 3199 gemiscentdans
403 3133 427 3185 le
439 3133 497 3199 ciel,
511 3135 570 3200 plus
578 3134 641 3186 eloi·
661 3134 732 3184 Dicu.
1018 3166 1023 3177 ·

178 3194 435 3261 enucleandae.»
691 3194 991 3249 ⁴«Patri.czaclrarie.
1005 3200 1125 3261 «θείης

212 3259 250 3309 ’.ι
271 3259 329 3311 Hi·
349 3273 413 3323 pour
439 3260 585 3325 «angeli»
607 3261 641 3311 Ge
659 3259 718 3311 Avit
736 3260 800 3310 n'est
818 3275 862 3323 pas
880 3268 982 3322 exempt
992 3262 1022 3312 de
1042 3266 1126 3321 remi.

179 3333 289 3393 prouertu
309 3328 348 3373 ast
372 3322 396 3373 le
423 3323 490 3385 sujet
509 3324 545 3374 du
564 3323 640 3373 verbs
660 3323 849 3394 niscencesdes
876 3325 960 3386 poetes
989 3327 1121 3386 profanes.

182 3390 568 3519 ‘tdii'dijdaaaaea
658 3384 1160 3521 intuterantittarta·

213 3510 251 3555 ‘s
266 3508 425 3559 Pmdrxrt.»
443 3508 482 3558 Vo
500 3522 527 3559 aa
538 3509 638 3559 l'Evan-
658 3510 787 3573 potuques
796 3510 840 3560 des
849 3514 944 3572 parens,
954 3508 1083 3577 ddparent
1092 3534 1124 3574 ce

177 3570 232 3637 gna
242 3570 390 3633 monsaint
398 3572 461 3637 Luc,
470 3523 516 3623 ud.
527 3585 545 3634 r,
558 3584 587 3623 v.
599 3577 639 3623 ³1.
657 3571 759 3623 mhieau
766 3572 944 3637 evangelique.
981 3572 990 3585 ’·
