2324 3960
349 172 472 226 lucensi
490 172 642 226 suenonis
657 170 801 225 demun.
1009 173 1049 227 tbi

199 272 346 355 Vipereum
358 271 477 334 obducto
491 277 618 353 potamus
631 269 714 333 melle
724 286 874 331 venenum.
944 338 947 343 ¹

197 353 290 414 Dulcia
303 358 370 414 sunt
381 352 485 414 etenim
497 359 582 433 gustu
595 351 743 432 specieque
755 349 866 421 decem,
910 382 914 396 ι

197 431 265 502 Quae
273 430 385 494 morbos
398 439 572 512 mortemque
580 432 680 493 animm
689 435 877 511 generantque
887 427 1046 509 scientque,

197 512 325 574 Canceris
338 518 366 573 et
378 511 433 573 ritu
447 511 605 590 languentia
616 511 720 572 viscera
733 515 849 591 carpunt
862 530 868 567 :
996 522 1048 569 405

196 591 344 674 Quumque
358 589 431 653 Deus
443 590 577 653 medicam
590 590 661 653 caelo
676 589 820 653 demittere
835 607 931 651 curam

196 672 341 754 Dignatur,
354 671 519 754 penitusque
533 677 626 752 putres
639 668 800 747 abscindere
813 666 909 743 libras,

196 753 359 814 lncusamus
372 771 456 834 opem
468 750 567 824 terren,
582 757 611 812 et
624 749 765 813 tabescere
779 748 877 811 morbo

196 831 345 907 marmus,
358 830 474 893 antidoti
488 833 572 914 qudm
582 830 640 892 vim
654 830 770 892 tolerare
781 827 880 892 severi.

235 988 297 1051 Non
313 986 687 1072 igiturmalasuntquaencs
699 986 914 1063 maledicimus,
925 989 1099 1070 etquum4¹⁰

196 1068 339 1131 Ulceribus
350 1068 421 1151 diris·
431 1087 489 1129 non
502 1067 590 1151 parcit
599 1069 695 1135 dextra
708 1067 857 1141 medentis,

196 1148 393 1232 Amplectenda
407 1147 492 1222 salus,
505 1166 562 1209 nen
576 1146 734 1211 exacuenda
744 1147 854 1229 querela
869 1152 921 1209 est.

196 1229 258 1290 iam
269 1249 340 1311 quos
352 1234 496 1311 peccantes
509 1227 583 1289 Deus
596 1233 695 1309 arguit,
709 1225 761 1288 hes
775 1226 860 1287 etiam
873 1242 948 1288 nunc

197 1309 304 1390 Diligit,
318 1316 346 1371 et
359 1308 447 1391 patric
458 1306 517 1371 vult
530 1306 677 1369 emendare
690 1305 818 1386 flagell03

132 1464 135 1469 Ι
196 1388 297 1470 Meque
310 1388 368 1450 istis
381 1388 473 1470 potius
482 1386 581 1467 societ,
591 1389 676 1469 quam
688 1391 841 1468 congreget
853 1380 920 1463 illis,
1000 1400 1050 1448 415

198 1466 272 1538 Quos
287 1469 340 1529 'am
353 1476 493 1530 summoto
506 1464 631 1546 permisit
642 1464 756 1527 verbere
767 1484 850 1527 cursu

196 1547 239 1609 lre
251 1568 283 1609 vc
294 1547 405 1619 uniatis,
440 1546 584 1629 mpritque
598 1542 714 1607 libidine
729 1543 806 1607 ferri.

196 1626 231 1688 Hi
246 1628 385 1688 suntverb
399 1567 453 1699 ill,
464 1646 535 1708 quos
549 1627 620 1687 inter
633 1625 749 1687 crimina
762 1633 849 1703 tutes,

196 1706 232 1769 Et
244 1708 381 1768 scelerum
394 1706 466 1771 dites
478 1704 581 1779 fructu,
594 1705 728 1798 impunita
741 1715 871 1770 senectus

196 1787 340 1849 Extremas
352 1786 440 1879 turpis
453 1784 514 1849 vitae
528 1785 658 1878 produxit
670 1787 699 1848 in
713 1806 786 1848 oras.

196 1865 231 1927 Hi
248 1865 351 1927 'ustum
365 1866 476 1948 injustis
490 1865 560 1927 odiis
574 1884 720 1945 pressere:
734 1886 783 1948 per
795 1865 863 1928 istos

197 1886 272 2010 bella
286 1946 375 2009 excita
388 1946 454 2031 piis,
467 1953 495 2009 ct
507 1944 595 2029 flagra
608 1944 747 2009 medentia
761 1945 857 2008 medis

236 2103 307 2165 Nam
327 2123 363 2165 ue
377 2103 475 2167 eadem
488 2110 603 2166 cunctas
616 2111 747 2167 exercent
757 2103 810 2166 tela
825 2101 932 2176 fideles,

199 2182 255 2246 Sed
269 2125 371 2264 duplici
383 2188 486 2247 causa:
502 2180 636 2265 dumque
650 2192 815 2265 torquentur
831 2182 869 2272 ini
890 2182 932 2257 ui,

200 2263 258 2326 Hoc
271 2263 358 2324 sancti
370 2271 508 2337 crescunt,
521 2272 549 2326 et
558 2265 632 2346 quud
646 2282 759 2355 poenam
771 2203 929 2324 attulrtillis

201 2342 253 2406 Pro
265 2341 357 2425 culpa,
371 2341 424 2417 hcc
439 2342 499 2406 istis
512 2344 560 2406 dat
571 2362 620 2425 pro
631 2349 733 2405 virtute
746 2361 888 2406 ceronam.
957 2382 959 2386 -

200 2420 336 2563 Denique,
350 2422 374 2484 si
389 2420 522 2507 quidquid
536 2421 685 2486 mundanis
696 2422 778 2484 rebus
792 2421 923 2485 acerbum

285 2511 306 2563 rt

1000 2275 1053 2322 lbb

201 2503 265 2565 dcci
307 2502 461 2578 ,excutias
475 2512 563 2567 tetum
575 2500 635 2583 jam
648 2510 747 2595 sponte
757 2502 863 2564 videbis

201 2582 372 2664 Anticipasse'
384 2582 435 2645 Dei
448 2583 577 2646 famulos.
591 2582 684 2646 Gemit
696 2582 744 2645 ille
755 2587 764 2622 ¹
782 2580 894 2645 talentis

198 2662 313 2745 Argenti
327 2670 411 2744 atque
422 2662 483 2725 auri
496 2662 615 2736 amissis,
629 2662 705 2725 hunc
718 2668 794 2745 rapte
807 2660 930 2743 supellex
1001 2677 1052 2723 430

199 2739 305 2825 Perque
319 2760 408 2805 nurus
418 2741 528 2805 Getieas
539 2740 626 2804 divisa
642 2740 755 2805 monilia
769 2747 910 2823 torquent.

199 2819 255 2883 Sed
269 2823 379 2905 sepiens
390 2820 493 2897 Christi
506 2841 603 2883 servus
615 2821 656 2883 nil
669 2820 787 2903 perdidit
800 2820 912 2897 horum,

198 2898 266 2970 Quae
280 2900 383 2983 sprevit
396 2899 524 2983 coelcque
537 2900 614 2981 priris
626 2901 776 2979 translata²
789 2900 899 2976 locarit,

199 2980 238 3041 Ac
249 3002 272 3042 si
285 2981 353 3064 quid
366 2978 464 3041 mundi
478 2979 531 3041 sub
544 2987 707 3062 tempestate
721 2980 847 3059 laborum

199 3060 309 3135 lncidit,
323 3058 459 3140 intrepide
469 3058 556 3121 subiit
571 3081 578 3119 :
595 3059 758 3121 manifestus
766 3060 882 3124 honeris
1002 3077 1053 3124 ese

198 3139 344 3216 Pr'omissi,
357 3146 386 3203 et
398 3138 517 3223 cupidus
527 3138 599 3202 victo
613 3138 761 3203 certamine
774 3140 875 3204 solvi⁸.

135 3319 144 3349 ¹
164 3319 332 3381 «Gemirille,
344 3319 559 3371 »etcmumilieu
629 3320 641 3349 ²
660 3338 671 3365 ι
689 3320 751 3380 Quae
770 3319 833 3371 coele
855 3317 941 3381 prius,
961 3332 973 3359 ι
994 3320 1054 3386 etc,

100 3382 134 3433 de
148 3379 288 3442 l'inrasicn,
301 3381 337 3435 les
350 3383 432 3443 objets
449 3382 486 3433 les
502 3382 560 3445 plus
597 3381 660 3432 dont
669 3382 712 3432 ila
723 3380 769 3434 fait
777 3382 896 3433 d'aveure
907 3379 931 3428 le
940 3377 1054 3428 sacrifice

101 3441 218 3506 precieux
233 3444 276 3493 des
288 3443 494 3495 Gallo-Romaim
505 3457 558 3506 pus·
597 3444 699 3496 auctet.
850 3503 855 3513 .
1013 3500 1018 3512 ι

102 3504 184 3556 scient
191 3511 264 3558 entre
276 3505 312 3559 les
324 3506 406 3559 mains
415 3506 459 3559 des
470 3505 559 3559 barbe·
630 3507 642 3537 ⁸
665 3526 678 3552 ι
696 3506 808 3569 cupidus
832 3510 897 3553 victo
914 3506 1053 3552 certamine

102 3579 153 3619 res·
170 3620 173 3625 ,
598 3567 695 3633 sctit»
720 3567 831 3621 desirant
852 3563 976 3619 terminer
993 3562 1054 3626 tetre
