2324 3960
492 149 651 205 sentimus.

194 254 333 319 instaures
346 251 542 333 melioroeibo,
550 261 673 336 potuque
685 255 783 315 socrati

193 336 344 419 Sanguinis
357 335 479 398 inlusum
493 333 608 505 depellis
622 334 655 397 ab
670 354 762 417 unguo
774 350 929 397 venenum:
1014 348 1046 393 oo

194 415 247 487 Qui
259 436 346 498 genus
359 414 518 479 humanum
556 420 638 477 raeter
649 434 719 496 qnos
735 414 871 476 clauserat
881 414 955 495 oreo)

193 494 294 559 Diluvii
306 494 399 576 rapidi
414 505 567 576 spumantis
581 494 656 557 mole
667 494 808 578 sepultum

192 574 254 635 Uni
267 574 368 635 iterum
379 573 414 636 de
427 575 609 657 stirpenses,
625 581 657 637 ut
666 574 782 659 mystica
795 574 893 647 virtus,

194 653 272 724 Quod
285 652 374 714 cornis
389 653 488 716 delicto
500 662 610 728 necent,
620 654 675 717 hoe
688 655 805 737 presule
818 653 836 714 li
858 672 895 714 no

193 733 356 795 llonstroret
366 734 484 816 liquidas
496 734 621 797 renovari
634 754 714 817 posse
728 750 777 818 per
786 674 904 796 uulso
1013 750 1046 796 oo

193 813 295 873 Totum
305 833 426 895 namque
439 814 511 876 lavas
524 835 580 876 uno
594 814 757 897 baptismate
772 814 923 875 mundum:

194 892 287 953 Pande
302 893 449 955 salutarem
461 914 562 977 peueos
591 914 635 956 ure
647 894 722 959 dueit
738 895 767 955 in
779 894 877 955 urbem

193 971 318 1052 Angusto
332 973 402 1035 mihi
415 974 574 1049 colluviem,
610 974 724 1067 orbique
736 974 902 1036 lucernam·
970 996 974 1001 ·

193 1051 233 1113 Da
250 1052 472 1135 pedibuslueere
485 1055 786 1128 meis,utsemrturitae
1005 1100 1008 1105 -

192 1132 234 1195 nd
248 1133 340 1196 oeulos
353 1154 400 1197 me
412 1133 484 1195 ruris
496 1143 573 1215 agot,
588 1137 643 1214 qul
656 1142 746 1196 servet
764 1152 906 1195 umoenunr
1012 1147 1044 1192 ou

194 1212 291 1274 Pastor
304 1213 374 1275 ovile
387 1213 488 1288 bonus,
502 1216 556 1296 qul
567 1214 669 1275 uellere
680 1214 797 1295 praevius
809 1214 871 1275 albo

194 1290 312 1375 Virginis
322 1294 421 1377 Agnus
429 1299 451 1369 ⁸,
462 1314 538 1369 oven,
553 1312 676 1377 grexque
686 1294 778 1355 omnis
790 1292 924 1357 condidus
936 1290 1030 1355 intrat.

234 1479 272 1541 Te
286 1478 357 1542 duee
367 1480 488 1543 difficilis
497 1500 555 1544 non
566 1486 609 1543 est
618 1480 674 1557 vin,
687 1477 813 1541 subditur
824 1477 916 1539 omnis
954 1488 961 1499 ·

196 1559 319 1641 lmperiis
331 1568 430 1622 nature
443 1562 507 1636 tuis,
518 1562 629 1642 rituque
641 1561 751 1622 solnto⁸

195 1638 303 1699 Transit
315 1638 345 1699 in
358 1639 494 1711 adversas,
504 1641 582 1722 jussu
593 1640 764 1713 dominante,
779 1636 896 1723 liguros.
1012 1652 1045 1697 70

195 1718 226 1779 Si
238 1716 335 1799 jubens
348 1718 447 1779 mediis
459 1726 565 1800 segetes
578 1738 655 1780 urere
668 1720 785 1801 pruinis,
935 1729 938 1735 '

195 1798 345 1860 lllessorem
358 1797 491 1879 producet
502 1798 607 1872 hiems3
620 1798 645 1861 si
659 1818 769 1861 eurrere
780 1806 905 1860 mustum

195 1877 304 1939 Vernali
316 1876 368 1940 sul)
380 1877 439 1940 sole
449 1876 527 1953 uelis,
538 1877 700 1940 florentibus
712 1878 783 1940 urvis

194 1956 330 2021 Sordidus
342 1958 381 2019 im
400 1978 489 2020 nessus
501 1958 616 2020 calcabit
627 1958 729 2020 vinitor
740 1978 819 2038 uras,
1069 2010 1073 2017 .

195 2039 353 2122 Cunctaque
391 2038 468 2101 'vinis
482 2039 617 2122 parebunt
630 2047 754 2121 temporo
767 2039 860 2103 dietis.
1010 2048 1042 2095 ⁷⁵

194 2119 298 2180 indicio
312 2127 354 2181 est
367 2120 478 2202 antiquo
492 2118 572 2194 fides,
583 2128 612 2182 et
624 2139 692 2182 enno
701 2121 712 2155 ⁶
722 2120 845 2260 priorum

192 2198 284 2261 Testis
297 2199 375 2282 origo
389 2212 508 2284 petrum,
521 2201 661 2284 nullisque
674 2199 726 2262 ubo
736 2201 808 2262 enda
822 2220 870 2284 per
883 2219 973 2264 aerum

192 2278 372 2363 Temporibus
386 2289 512 2343 oonstant
524 2282 658 2343 virtutum
672 2281 750 2363 signo
761 2288 881 2343 tuarum.

193 2358 235 2418 lix
249 2359 350 2440 quibus
363 2361 459 2422 audaci
465 2363 651 2451 perstringere
662 2378 750 2443 puuoa
756 2360 843 2422 relatu

192 2435 243 2497 Vix
257 2438 358 2497 animis
370 2446 513 2499 committo
525 2439 605 2512 meis,
617 2438 771 2519 silvamque
784 2446 923 2521 parentem
1010 2459 1043 2507 to

130 2658 138 2690 ¹
164 2657 322 2708 Construisen
339 2670 372 2704 :n
397 2659 428 2703 ut
448 2652 556 2717 mystieu
579 2652 612 2703 de
634 2651 660 2702 lo
678 2650 788 2717 vierge,
806 2652 990 2707 lesus-Gneist.
1008 2680 1040 2697 -ι

101 2720 180 2770 virtus
196 2724 350 2770 monstraret
361 2717 410 2766 hoe
425 2717 494 2777 quod
511 2714 556 2765 de-
581 2734 597 2787 ιΙ
613 2715 687 2785 Ques,
706 2730 717 2759 ι
735 2715 773 2765 les
792 2715 884 2788 brein,
966 2732 1041 2783 oppo-

98 2783 156 2831 licta
176 2783 260 2831 carnis
283 2786 373 2832 nesano
395 2790 466 2841 posse
480 2790 554 2828 reno·
578 2777 816 2841 sntionuuxboues3
830 2786 896 2830 suum
929 2782 1060 2842 otthieu,·

97 2844 151 2893 vari
170 2845 277 2906 praesule
294 2846 363 2905 ligno
373 2842 428 2905 (por
443 2839 469 2889 la
484 2839 552 2904 puis·
577 2840 618 2889 eh.
631 2853 687 2903 xxv,
700 2854 726 2890 v.
739 2844 783 2891 3³:
796 2860 807 2884 α
819 2842 849 2891 Et
865 2849 959 2893 statuet
978 2858 1037 2895 oves

95 2919 168 2955 sorice
195 2906 226 2954 de
253 2906 278 2954 la
300 2904 370 2953 croix
401 2914 447 2965 per
470 2901 551 2953 undas
577 2902 682 2964 quidem
703 2902 835 2954 onereris
857 2906 928 2970 suis,
950 2907 1036 2958 haeelos

96 2968 210 3031 liquidos.
225 2968 317 3016 n-Le
335 2966 366 3015 de
379 2979 426 3030 uge
447 2963 551 3031 figurait
577 2970 663 3016 autern
674 2965 816 3017 asinistris.
832 2981 846 3014 n

94 3031 117 3083 le
129 3030 255 3094 nepteme
608 3028 620 3058 ⁴
634 3048 646 3072 α
663 3029 722 3078 Ritu
733 3029 824 3092 soluto,
836 3048 848 3074 ι
863 3044 902 3081 ses
911 3031 957 3082 lois
966 3031 1036 3081 etant

123 3093 298 3157 ‘evertitque
316 3090 516 3157 lueeruom,ele.
536 3108 550 3135 ι
575 3089 707 3141 de'truitos.

94 3157 199 3208 Psaume
209 3168 293 3219 cxrru,
303 3167 328 3203 v.
342 3156 401 3204 105:
414 3175 426 3201 ι
437 3157 551 3222 Luoepne
607 3153 642 3199 ¹«
654 3152 739 3203 Ceno»
750 3152 799 3203 ele
808 3154 895 3205 memo
904 3151 1035 3215 significo

111 3219 198 3269 edibus
215 3218 279 3269 meis
295 3216 404 3267 verbum
419 3225 495 3269 tuum
502 3254 512 3281 ‚
524 3223 551 3268 et
574 3215 628 3266 tion
639 3229 689 3279 quo
699 3234 711 3259 ι
721 3220 804 3279 notus,
812 3216 926 3279 priseo.»
940 3211 1034 3284 virgus

93 3234 182 3332 lumen
193 3282 289 3332 semitis
303 3279 377 3331 meis.
389 3297 400 3323 ι
575 3278 607 3327 l'o
615 3277 730 3343 emptore
739 3276 840 3329 dames
850 3289 916 3338 sens,
929 3276 1033 3336 Enetos,

125 3344 283 3411 ³«Virginis
294 3346 413 3408 Agnus·
426 3341 551 3407 l'lgneau
573 3355 593 3404 1,
603 3344 664 3393 28¹1:

241 3493 294 3532 Ceno
307 3488 372 3537 utu»,
384 3496 406 3533 et
418 3488 483 3539 tur,
500 3487 561 3529 nene
577 3499 623 3530 mm
637 3488 696 3529 uerno
706 3486 797 3538 Qnirlm
883 3525 886 3530 .

244 3543 289 3582 lun
300 3540 382 3583 dubunt.
