2324 3960
452 150 624 201 Puuuuuce.
655 160 659 165 '

163 250 364 314 Contaminata
377 250 466 315 camis
480 269 512 313 ac
524 250 667 313 solubilis?

162 330 273 405 sordet,
288 330 427 405 tumescit,
443 330 461 391 li
501 331 564 403 itur,
579 330 666 405 scatet,
684 329 769 404 dolet,

161 411 275 477 labatur
285 411 336 487 iri,
349 410 466 473 solvitur
488 410 592 474 ibidine
606 435 612 472 :

162 492 330 574 Plerumque
344 490 408 555 felle
421 492 507 555 tincta
521 490 619 554 livores
632 492 726 556 trahit.

200 666 307 727 Aurum
321 671 482 748 regestum¹
495 683 590 729 nonne
601 665 675 725 carni
688 662 861 746 acquiritur?

160 744 352 819 illustremus,
366 765 488 827 gemma,
502 745 632 827 bombyx,
645 764 765 828 purpura

160 826 190 887 br
211 827 302 887 curuis
315 846 396 887 usum
412 825 489 888 mille
500 833 662 909 quaeruntur
675 825 744 886 dolis
759 848 766 885 z

156 907 250 969 Luxus
263 905 377 967 rcmndi
391 906 481 968 carnis
493 905 616 967 arvinam
629 904 714 984 ieret,

157 985 253 1049 Geraia
266 986 394 1069 voluptas
408 1005 492 1047 cmnc
504 1004 554 1069 per
567 985 644 1049 nefas
658 983 723 1047 ruit.

197 1153 318 1229 Medera,
335 1173 440 1237 queso,
457 1154 589 1233 carnifex,
605 1154 687 1217 tantis
700 1154 797 1232 malis;

158 1232 288 1308 Concide,
303 1254 384 1316 carpe
396 1232 521 1296 fomitem
536 1235 748 1316 peccaminum:

157 1314 211 1376 Fac
225 1326 258 1376 ut
270 1326 377 1377 resecto
391 1313 489 1376 debilis
501 1314 590 1376 carnis
604 1318 671 1383 situ,
695 1336 702 1347 ·

156 1392 256 1477 Debere
268 1395 302 1456 ab
315 1394 393 1461 amni
407 1414 487 1459 mens
500 1395 620 1476 supersit
632 1392 730 1469 libera,

155 1472 213 1543 uec
224 1483 314 1557 aaut
325 1474 396 1543 aba
408 1474 484 1557 qaod
498 1481 630 1556 tyrcanus
642 1482 776 1557 amputet.

196 1646 254 1711 Nee
266 1648 403 1722 terrearis,
419 1648 499 1711 turba
512 1646 751 1711 circumstantium
766 1670 771 1706 :

159 1726 219 1790 Hcc
231 1728 314 1809 perdo
326 1728 417 1790 sulum
431 1728 506 1811 quod
519 1726 618 1812 peribit
632 1727 771 1807 omnibus,

157 1807 239 1891 Regi,
252 1807 355 1883 clienti,
366 1808 535 1891 pauperique
550 1816 578 1873 et
588 1808 676 1872 diviti.

157 1886 205 1949 Sic
218 1887 403 1962 vemuiarum‚
418 1888 458 1951 sic
475 1896 634 1951 senatorum
646 1908 709 1949 caro

155 1967 289 2044 'rubescit
302 1968 360 2033 imo
373 1988 460 2055 quum
471 1969 618 2052 sepulchra
630 1968 739 2031 condita
754 1975 808 2029 est.

193 2140 304 2203 Jactura
318 2139 379 2201 vilis
393 2140 501 2202 mordet
514 2148 542 2202 et
555 2139 689 2201 damnum
704 2139 775 2209 leve,

156 2218 197 2298 si,
209 2240 264 2303 quc
278 2218 430 2283 carendum
444 2227 497 2301 est,
510 2220 645 2304 perdem’
661 2216 878 2280 extimescimus.

154 2299 209 2362 Cur
222 2300 296 2384 quod
310 2320 424 2363 necesse
438 2308 550 2362 estnon
565 2298 693 2361 voluntas
709 2297 841 2381 occupat?

152 2379 276 2442 Natura⁸
290 2401 340 2441 cur
354 2400 410 2441 non
424 2380 507 2442 vertit
520 2380 549 2441 ia
563 2399 622 2440 rem
634 2376 749 2461 gloriae?

153 2458 252 2544 Legale
264 2461 401 2535 damnum
414 2460 579 2549 deputemus
592 2458 713 2545 praemiis
722 2463 746 2520 ⁸.

191 2629 247 2693 Sed
261 2630 438 2714 praemiorum
452 2631 540 2695 {erma
554 2650 618 2713 qum
635 2630 672 2692 sit
686 2628 804 2691 fartibus

152 2709 299 2773 Videamus
314 2734 321 2772 ε
336 2711 382 2773 ilia
396 2730 497 2795 nempe
513 2731 576 2795 quac
589 2730 734 2793 nunquam
748 2709 828 2793 perit.

152 2790 229 2853 coelo
243 2790 351 2853 refusus
364 2788 518 2869 subvolabit
530 2790 641 2875 spiritus
652 2796 673 2866 ⁸,

152 2870 202 2935 uu
214 2870 337 2956 parentis
350 2868 507 2955 perfruetur
520 2870 637 2951 lumine,
741 2930 745 2935 .

63 3120 142 3175 rersus
159 3134 265 3173 caruem
277 3138 283 3172 ι
296 3122 352 3172 hec
371 3121 443 3172 enim
463 3120 511 3172 sibi
544 3121 637 3173 lantue
650 3121 675 3171 la
686 3129 764 3171 mora,
778 3149 808 3159 -
820 3142 830 3167 a
844 3121 928 3172 Vertit
942 3140 952 3163 »ι
967 3129 1003 3169 esc

63 3182 369 3236 uvbemedversautur.»
544 3184 597 3247 pris
606 3184 669 3234 dans
680 3183 704 3233 le
713 3197 770 3234 sens
779 3190 879 3235 acutae,

84 3248 92 3279 ¹
113 3246 163 3311 «li
211 3246 384 3310 stum-tire,
403 3244 510 3295 erracirc
576 3246 769 3303 ¹«Da1nnum,
792 3266 802 3291 a
826 3251 897 3310 perte
920 3243 959 3304 (dc
982 3242 1006 3290 la

63 3309 150 3361 issent
205 3308 397 3360 eadelctercc.
545 3308 674 3370 vici-1«
689 3310 723 3358 De
742 3315 877 3369 utemus,·›
892 3306 1006 3354 donnons

83 3370 98 3411 ²
116 3390 128 3416 ι
155 3366 274 3423 Perdere.
295 3372 410 3421 asem.
424 3370 504 3433 «ui,-
545 3384 577 3420 cn
590 3371 704 3434 ecbange
716 3322 756 3429 rb,
777 3370 935 3440 ccbangcuus
947 3379 1005 3413 cen-

63 3432 207 3485 mtdcedeut
226 3434 262 3484 tiu
290 3432 377 3485 relatis
395 3445 504 3496 equo.»
545 3440 593 3483 tre.
614 3460 645 3469 -
667 3431 814 3494 «Pacemne,
827 3450 838 3473 ι
851 3431 888 3480 ies
909 3440 1006 3476 recom-

82 3494 95 3529 ⁸
113 3494 242 3559 cutura,
254 3514 267 3541 ι
281 3496 356 3549 cheac
377 3494 510 3554 naturelle‚
546 3508 636 3561 penses
648 3493 790 3544 eternellcsr

63 3555 173 3609 immite
186 3558 219 3611 ce
238 3558 264 3611 lc
282 3564 383 3623 nature,
404 3568 437 3609 en
454 3570 513 3622 par·
577 3558 590 3591 ⁸
608 3557 751 3621 «Spiritus,
765 3574 776 3598 a
790 3552 873 3603 l'tme.
