2324 3960
427 212 519 263 stiur
537 214 675 265 DAMASE.
1013 222 1039 269 21

102 304 235 363 Ethnica¹
250 307 328 364 turba
341 323 437 383 rogum
450 311 566 385 ingiam,
613 314 658 370 Sic
674 321 718 371 tua
734 315 801 372 insta
816 315 970 389 sobieslai,

101 377 183 450 hujus
196 385 224 434 et
238 379 296 450 ipso
310 382 450 438 meretur2
464 400 542 455 opem
550 403 558 455 3
613 387 650 442 Te
663 385 859 444 celebrantibus
873 397 900 446 ut
914 390 1002 447 lavent
1011 390 1032 445 ·'·.

102 450 177 517 Quos
191 449 255 506 fidei
268 452 361 507 titulus
376 453 496 523 decorat,

101 518 148 575 ffiS
158 536 289 578 venerem
299 523 384 596 magis
396 525 455 597 ipsa
466 522 593 599 pi0ffl³i³·
614 537 705 593 Gloria
719 554 781 594 cum
797 541 876 596 Patre
892 542 926 597 sit
941 541 1049 609 Genito,

613 609 779 682 spirituique
795 611 908 682 perinde
920 628 1006 680 sacro,

101 672 161 726 tam
171 672 312 752 renidens,
322 677 398 749 quasi
408 694 507 750 sponsa
520 680 594 750 polo,
614 680 665 748 Qui
677 683 748 736 Deus
763 699 832 739 unus
845 689 873 739 et
886 685 1059 755 omnipotens

101 742 152 797 Pro
166 759 269 802 misero
283 749 370 821 rogita
384 752 497 806 Damaso
507 749 531 819 4,
612 752 686 808 lianc
702 754 787 809 nostri
802 754 882 811 iaciat
894 771 1053 813 memorem.

508 994 546 1041 il.
563 993 607 1041 lle
623 995 760 1042 Christo,

199 1187 311 1249 Christe
326 1194 424 1270 potens
438 1207 541 1259 rerum,
556 1190 697 1251 redeuntis
713 1192 840 1253 conditor
853 1192 913 1263 aevi,

199 1268 260 1330 Vox
275 1269 376 1329 summi
389 1289 485 1331 sensus
498 1270 507 1302 ⁶
524 1290 577 1349 que
590 1270 651 1341 Dei,
668 1292 750 1351 quem
766 1272 855 1332 fundit
870 1272 903 1333 ab
914 1272 967 1334 alta

198 1348 294 1410 Mente
308 1349 397 1421 Pater,
411 1350 536 1431 tantique
551 1350 627 1411 dedit
644 1352 781 1411 consortia
796 1353 885 1433 regni,

198 1429 286 1512 Impia
300 1436 330 1489 tu
344 1437 444 1490 nostrae
457 1430 587 1491 domuisti
602 1430 716 1490 crimina
730 1431 801 1504 vitre,

196 1509 299 1569 Passus
313 1515 443 1591 corporei
457 1509 594 1570 mundum
608 1511 707 1571 vestire
720 1512 729 1543 ⁷
745 1513 844 1594 ligura,
1040 1533 1054 1579 s

198 1589 342 1669 hfftrrique
353 1589 443 1671 palam
459 1589 586 1672 populos,
601 1589 800 1674 hominemque
814 1592 902 1654 lateri.

198 1667 320 1749 Virginei
334 1678 462 1731 tumuere
473 1671 563 1743 sinus,
576 1670 746 1753 innuptaque
761 1682 849 1733 mater

199 1749 305 1808 Arcano
317 1749 459 1831 obstupuit
471 1751 601 1832 compleri
615 1751 718 1812 viscera
731 1761 820 1834 partu,

202 1827 350 1908 Auctorem
363 1830 482 1911 paritura
496 1851 589 1891 suum.
604 1831 727 1892 Mortalia
745 1834 827 1893 corda

201 1908 343 1970 Artificem
357 1920 449 1971 texere
461 1910 527 1991 poli,
542 1910 694 1992 mundique
709 1922 831 1993 repertor
1025 1921 1056 1966 ¹0

202 1990 270 2048 Pars
283 1987 336 2050 fuit
347 1989 462 2051 humani
476 1991 593 2072 generis
608 1991 741 2073 latuitque
755 1992 807 2052 sub
822 2012 878 2051 uno

201 2068 326 2141 Pectore,
340 2071 388 2150 qui
403 2078 492 2130 totum
509 2072 563 2131 late
576 2072 767 2154 complectitur
783 2072 878 2132 orbem
884 2092 894 2150 3
957 2124 965 2139 ,

199 2149 234 2209 Et
248 2149 296 2230 qui
309 2169 367 2210 non
380 2150 474 2232 spatiis
487 2159 577 2225 terrae,
591 2172 648 2211 uon
663 2151 782 2231 equoris
796 2151 889 2222 undis,

104 2441 230 2492 tinement
252 2435 314 2486 dans
328 2434 351 2484 le
368 2446 425 2485 rens
444 2434 475 2484 de
486 2453 498 2479 ι
509 2447 571 2498 per·
595 2435 691 2485 Catane
703 2437 749 2483 ent
760 2432 854 2482 honore
864 2434 945 2484 sainte
958 2434 1054 2497 Agathe

106 2503 219 2552 transiit.
232 2517 244 2542 »
593 2509 692 2546 comme
702 2497 756 2544 leur
765 2500 899 2559 patronne·

136 2567 145 2595 ¹
167 2581 180 2608 a
209 2560 335 2620 Ethnica,
352 2578 365 2603 a
386 2559 501 2620 paienne.
519 2559 570 2608 liet
626 2561 668 2601 ³«
688 2562 781 2618 magis,
803 2576 814 2601 a
841 2559 997 2620 davantriae,
1025 2558 1056 2609 do

106 2624 220 2689 emploe
240 2625 303 2672 dans
325 2622 470 2683 l’Ecriture3
496 2634 569 2682 noyez
594 2621 741 2683 pre'ie'rence.
761 2646 792 2656 -
809 2620 897 2682 «ipsa,
910 2637 922 2664 s
937 2634 1055 2670 seneen-

106 2690 173 2738 saint
189 2639 322 2743 blatthlen,
339 2684 551 2741 eh.xmn‚v.1i.
592 2684 668 2732 tendn
682 2702 693 2726 a
708 2683 812 2745 Agatha.
828 2702 839 2725 e
859 2708 890 2718 -
908 2699 921 2726 a
934 2683 1055 2733 Venerem

137 2750 181 2792 ἰ
200 2748 344 2798 Meretur.»
359 2746 436 2808 hpres
455 2746 480 2794 la
503 2750 570 2795 mort
592 2750 699 2808 premat,
712 2764 725 2788 a
738 2745 829 2807 qu'elle
846 2745 943 2807 e'teigne
966 2746 990 2796 le
1013 2747 1054 2796 teu

106 2813 137 2862 de
157 2813 241 2861 sainte
264 2809 370 2870 agathe,
391 2808 439 2868 ily
457 2813 500 2857 eut
519 2821 570 2855 une
593 2811 636 2857 des
648 2810 763 2870 passinus
778 2810 898 2869 impares.

105 2873 216 2924 violente
238 2871 355 2933 eruption
373 2868 506 2919 dol'Etna.
532 2869 568 2918 Un
626 2871 635 2900 ⁴
660 2888 672 2913 a
693 2870 739 2919 Pro
756 2873 876 2919 misero...
900 2871 1017 2923 Damaso.
1040 2894 1053 2919 e

106 2940 198 2985 torrent
212 2934 243 2984 de
265 2934 381 2982 ssamrnes
402 2945 428 2982 se
449 2932 568 2993 precipitn
593 2933 627 2982 Ge
636 2944 692 2981 vers
705 2945 720 2981 a
731 2932 770 2981 ate
782 2931 877 2994 strange
889 2934 978 2996 depuis
989 2949 1054 2997 pour

107 2999 173 3047 dans
185 2997 222 3046 les
237 3006 386 3057 campagnes
411 2996 528 3051 voisines,
544 2997 569 3042 et
593 3008 642 3056 quo
663 2994 776 3056 l'hymne
790 2995 826 3043 tua
854 2998 1001 3060 appropries
1021 3012 1054 3047 uu

107 3072 213 3120 menaea
234 3058 329 3107 Catane
347 3057 422 3106 d'une
447 3055 569 3118 completa
593 3058 670 3106 cutte.

104 3122 270 3172 destruction.
303 3120 349 3168 Les
378 3118 509 3167 habitante
538 3116 569 3166 de
624 3119 909 3178 ⁵‹l'aerar.»tesujet
928 3127 966 3171 est
988 3135 1053 3184 «pe-

105 3189 171 3236 eetta
180 3182 250 3239 ville,
262 3180 357 3230 ddnue's
363 3180 394 3230 de
402 3184 458 3229 tout
470 3191 569 3229 secours
593 3181 641 3239 lus,
654 3199 668 3225 a
679 3181 836 3230 dest-adire
850 3201 862 3227 ι
876 3183 951 3232 bens.
962 3203 974 3228 s
984 3187 1053 3233 cette

105 3246 224 3304 humata,
237 3256 265 3292 se
274 3243 424 3304 refugierent
435 3242 524 3304 auprds
534 3242 566 3290 du
592 3244 683 3305 phrase
694 3243 745 3291 doit
757 3243 808 3292 dire
820 3247 960 3294 construite
971 3248 1051 3294 ainsi:

106 3309 227 3359 tombcuu
251 3306 283 3354 de
295 3304 319 3353 la
343 3308 424 3366 vierge
449 3311 567 3366 martyre,
594 3324 606 3348 a
621 3308 684 3355 lteus
708 3305 782 3354 iaciat
804 3311 848 3353 tua
869 3306 930 3354 testa
949 3307 984 3354 sic
1006 3307 1053 3355 coli

105 3374 224 3422 saisirem
239 3368 264 3417 le
285 3367 350 3416 veile
368 3367 438 3429 place
463 3380 506 3416 sur
524 3379 567 3415 sen
594 3367 666 3430 (pour
683 3373 712 3416 ut
729 3373 774 3414 tna
792 3367 854 3416 testa
871 3370 906 3415 ita
917 3368 1051 3429 colantur).

107 3432 234 3497 sepulcre,
257 3434 282 3477 ot
295 3429 319 3478 le
332 3429 372 3478 ieu
396 3429 567 3486 envahisseur,
593 3437 619 3479 ut
631 3431 713 3479 laneat
722 3429 907 3478 celebrantibus
919 3434 950 3477 te.
961 3442 975 3472 n

106 3490 350 3557 ameteparunetiet
359 3491 420 3540 dela
434 3493 567 3553 puissarme
623 3493 635 3522 θ
653 3510 665 3534 a
676 3493 797 3547 Sensus»
810 3502 914 3550 saga-so.

106 3558 205 3617 divine,
218 3566 289 3604 cossa
309 3557 364 3602 taut
375 3555 388 3601 a
401 3566 464 3614 coap
476 3566 514 3601 ses
528 3567 568 3601 ra-
625 3555 634 3583 ⁷
654 3573 666 3598 a
683 3553 805 3602 liundum
824 3554 955 3609 vestire,»
972 3563 1000 3601 se
1017 3564 1055 3603 [Β.
1128 3576 1131 3581 .

106 3633 189 3686 pages.
210 3617 311 3679 tarpeis,
333 3615 368 3666 los
393 3615 520 3666 habitante
537 3614 568 3666 dc
591 3617 655 3668 sotir
672 3613 834 3668 delaehair.
