2324 3960
407 189 526 239 MARIUS
544 189 742 239 VICTORINUS.
1021 197 1050 241 lll

197 289 267 363 Quid
280 289 405 372 refugis?
417 291 546 352 miserere
560 295 627 366 mel,
641 291 771 353 miserere
784 295 891 373 tuique.

197 369 227 431 Si
242 370 329 443 liceat,
344 370 418 452 prior
432 371 472 431 ire
485 371 567 432 velim
582 379 678 432 :vetor
690 392 765 445 ecce,
780 372 828 433 sed
843 371 888 433 ibo
1020 380 1053 425 2⁰

194 449 283 523 Tunc,
298 470 384 532 quum
398 451 530 512 victorem
542 471 654 512 cernam
666 463 704 525 te,
718 461 793 525 nate,
808 452 955 514 malorum.

195 531 266 602 Quid
279 551 387 612 sperare
398 531 501 612 jubes‘l
514 531 588 592 solus
601 552 662 593 mea
675 532 746 593 dicta
760 533 877 593 moraris
888 539 910 597 ¹.

197 610 279 672 Solus
292 610 383 671 adhuc
393 631 505 693 equum
517 631 632 673 renovas
645 612 723 682 mihi,
740 619 814 684 nate,
831 611 966 675 dolorem.
981 678 985 685 ,

193 692 311 763 Annuis,
324 710 359 752 an
378 692 493 753 damnas
507 712 618 773 quoque
639 712 696 766 me,
710 692 873 773 fratresque,
889 692 1053 775 genusquel

195 770 275 843 Quod
288 790 324 831 ne
335 771 404 833 l'orlc'r
415 770 483 833 velis
494 791 543 833 oro
554 779 591 844 te,
602 780 631 833 et
641 771 788 853 deprecor3
802 772 885 833 audi:
1018 780 1051 824 25

195 848 245 912 His
257 871 311 932 ego
324 859 351 913 te
366 871 482 933 parvum
495 849 604 923 nutriri,
618 861 692 924 nate,
707 851 826 935 papillis,

195 930 235 991 Te
252 950 302 1013 per
323 950 376 1012 ego
390 931 442 992 has
457 951 561 1012 precor,
575 940 605 992 et
616 931 697 993 fletus
709 936 896 1024 lacrymasque
910 951 1048 996 meorum.

104 1070 108 1077 ,
165 1032 168 1036 ·
196 1009 231 1072 Ut
241 1030 386 1072 remanere
396 1011 493 1085 velis²,
506 1011 661 1073 remanebis
673 1011 758 1085 solus,
771 1020 799 1073 et
810 1011 894 1094 hqus

193 1088 257 1151 Non
268 1089 387 1170 tihijam
400 1089 495 1152 fratres
507 1091 633 1161 dederint
644 1092 740 1155 solatia
752 1092 834 1166 vilae;
1046 1148 1049 1153 ,

195 1169 352 1231 Dedecoras
363 1169 475 1231 fratrum
488 1172 658 1233 sanctissima
670 1173 794 1249 nomina,
809 1179 937 1245 matrem,
1018 1181 1051 1226 30

132 1286 141 1293 ··
180 1250 229 1313 tlt
241 1269 341 1332 genus,
354 1257 382 1313 et
393 1251 519 1332 patriam,
534 1251 557 1313 si
571 1252 635 1312 talia
650 1251 722 1314 dicta
734 1271 857 1313 recusas.

195 1328 277 1392 Heu!
293 1332 397 1410 quanlr'r
408 1331 509 1393 nrclir'rs
523 1331 608 1392 vitam
620 1331 743 1393 servabis
757 1331 785 1392 in
797 1350 898 1412 aarum,

196 1409 228 1470 Si
242 1409 325 1471 facias
339 1410 452 1472 tandem
463 1412 595 1493 quicquid
610 1412 701 1472 fecere
714 1412 838 1493 priores!

194 1490 339 1555 Audenter
351 1490 461 1572 depone
475 1499 575 1561 melus,
591 1491 699 1573 depone
711 1490 840 1557 timorem
854 1514 862 1553 t

194 1569 314 1651 Concipe
328 1578 421 1632 mente
435 1571 538 1649 Deum,
552 1572 624 1633 vires
638 1571 712 1634 dabit
727 1573 771 1634 ille
787 1572 888 1634 viriles.
904 1597 918 1631 o
1019 1581 1050 1623 3³

233 1702 300 1765 Haec
312 1701 379 1764 dum
393 1711 482 1765 mater
495 1704 561 1786 agit,
574 1724 643 1798 puer
656 1705 691 1767 ad
703 1705 839 1789 praecepta
853 1707 974 1788 parentis

196 1781 326 1865 Respicit,
341 1791 369 1845 et
382 1784 472 1845 solum
487 1805 516 1845 sa
530 1785 599 1846 vidrt
611 1794 644 1846 ut
658 1806 718 1848 esse
730 1786 870 1858 relictum,

198 1861 317 1924 Sustulit
329 1864 363 1925 ad
378 1865 481 1926 coelum
495 1865 598 1939 vultus,
613 1865 774 1950 palmasque
788 1866 910 1948 supinas,

195 1942 231 2003 Et
244 1943 283 2003 sic
297 1963 363 2005 voce
378 1952 474 2027 petens
489 1955 624 2006 aeternum
638 1966 742 2007 numen
757 1946 862 2018 adorat,

194 2021 286 2084 Sensu
300 2032 328 2084 et
339 2024 380 2085 sic
393 2025 494 2106 pariter
506 2044 601 2086 secum
615 2034 741 2107 nutuque
755 2026 867 2108 rogabat
877 2031 900 2105 ³,
1010 2033 1054 2079 lt

105 2168 131 2183 ...
194 2101 322 2165 Vincerat
334 2112 366 2165 ut
378 2124 483 2186 regem,
499 2124 586 2167 saevos
600 2112 631 2167 ut
644 2108 767 2168 vinceret
781 2107 872 2187 ignes.

194 2182 285 2265 Atque
299 2184 338 2245 ita
352 2204 409 2245 non
421 2187 524 2267 segnis,
540 2205 593 2246 nec
605 2205 654 2268 pro
666 2185 820 2267 puerilibus
832 2185 924 2256 annis,

194 2263 305 2324 Prosilit
318 2264 483 2346 intrepidus,
498 2264 606 2325 medios
623 2264 745 2344 dilapsus
760 2265 789 2324 in
798 2263 888 2343 ignes,

194 2342 270 2404 Vicit
280 2343 412 2425 quicquid
427 2352 485 2406 erat
496 2354 518 2416 ⁴,
531 2344 572 2405 sic
586 2352 617 2405 ut
630 2343 715 2405 vitam
731 2343 782 2407 iret
795 2343 824 2404 in
836 2341 919 2405 altam

195 2421 324 2520 Spiritus,
340 2432 368 2486 et
381 2425 495 2487 fratrum
509 2432 615 2507 peteret
627 2431 732 2486 secreta
746 2424 855 2507 piorum
865 2429 887 2486 ⁶.
1019 2427 1055 2481 lt'

234 2557 307 2619 Ilum
324 2579 393 2640 puer
404 2559 455 2620 ista
470 2558 551 2640 gerit,
565 2558 707 2620 solverunt
721 2558 820 2641 gaudia
834 2565 951 2619 matrem
965 2580 971 2617 :

195 2637 323 2730 Jamque,
337 2647 368 2700 ul
381 2648 440 2701 erat
453 2639 551 2699 lassata
565 2639 654 2712 malis,
667 2640 725 2718 jam
736 2659 803 2700 voce
817 2642 916 2719 negata

197 2717 355 2801 Susprrans,
370 2719 497 2799 interque
511 2739 609 2780 manus
623 2718 742 2802 collapsa
754 2724 889 2779 suorum⁶

197 2797 325 2861 Concidit
338 2799 483 2871 exanimis,
499 2799 673 2881 resolutaque
688 2798 811 2862 membra
828 2799 967 2877 quierunt.

198 2876 245 2941 Sic
258 2881 329 2963 ipsa,
341 2886 371 2941 ct
384 2877 453 2957 nati,
468 2888 627 2941 sanctorum
640 2880 668 2940 in
683 2888 759 2962 parte
773 2885 883 2960 recepta
897 2886 948 2940 est.
1020 2889 1053 2933 50

137 3029 144 3058 ¹
160 3045 174 3076 c
183 3029 235 3081 llea
246 3032 312 3082 dlcto
321 3034 437 3093 moraris,
447 3049 460 3077 ι
472 3034 500 3080 tu
512 3045 566 3095 pro·
590 3032 717 3095 triompha
734 3033 765 3082 rle
783 3036 846 3091 tout,
868 3032 900 3082 de
919 3035 999 3081 toules
1016 3030 1052 3080 leo

100 3089 250 3205 loqgesUmes
260 3097 402 3205 discoursl·
557 3156 563 3170 .
591 3095 719 3187 epqeuves,
735 3096 766 3144 de
781 3094 887 3204 touobles
902 3098 1052 3202 tourmentst.

102 3171 191 3290 (lucio
201 3160 386 3278 qpqqrpqprsqpq
397 3169 566 3278 rqppxsqpptqqq
592 3158 1050 3331 pourarlilciiriiie’rndairesnl‘iiiiiicsefvic

101 3291 224 3330 survrrro.
604 3282 723 3331 'intimlte
742 3282 774 3332 de
802 3293 841 3331 ses
872 3281 949 3331 lrtres
982 3279 1050 3326 bren-

134 3342 146 3371 ⁸
158 3360 172 3385 «
184 3344 273 3405 sensu,
285 3361 298 3389 o
309 3344 393 3408 l'arne,
402 3344 426 3394 lc
434 3357 509 3402 coeur,
522 3356 568 3404 pur
593 3345 684 3396 almas.

102 3416 134 3466 op
152 3407 242 3454 osition
256 3408 270 3455 l
282 3413 354 3466 nutu,
367 3411 444 3470 goste-
460 3432 493 3443 -
506 3407 567 3457 ‹Ro-
625 3408 637 3439 ⁰
660 3408 756 3456 alntcr
779 3418 870 3454 manus
896 3411 1013 3473 suorum,
1038 3415 1052 3445 ι

101 3480 130 3528 ga
167 3471 186 3524 t,
200 3485 215 3511 a
227 3469 243 3517 ll
253 3472 337 3531 prlult.
593 3475 664 3520 culrc
673 3471 708 3520 les
719 3470 776 3519 bras
785 3468 815 3516 de
825 3480 865 3516 scs
878 3463 983 3536 llls(qur
996 3460 1054 3510 l’al-⁴

135 3529 153 3563 ⁴:
174 3546 187 3575 a
205 3526 269 3581 Vicit
291 3533 410 3595 quicquic
436 3533 498 3592 erut,
520 3548 530 3576 ι
549 3532 567 3583 il
587 3534 719 3585 tendalont
734 3525 959 3587 clansl'aulrcrro).

537 3625 617 3642 Μ
