2324 3960
569 168 685 219 PlERRE
702 168 872 219 comneno.

342 264 426 350 Copia
438 269 584 331 verborum
596 277 648 341 est,
662 268 710 330 uhi
723 290 780 331 nou
792 277 834 331 est
845 269 921 352 copia
935 273 1049 349 semite,

382 347 496 411 Constat
506 358 534 411 et
548 357 686 411 errantem
697 350 878 431 multiplicare
887 353 957 414 iias.

342 532 427 613 Cujus
442 533 595 594 doctrinam
609 532 661 594 sibi
676 533 822 594 dissentire
835 532 940 594 videbis

382 613 427 671 Nil
439 613 513 673 illam
523 615 589 674 certi
605 621 711 674 constet
724 613 825 674 habere
835 613 895 673 tibi.

344 691 481 753 Instabilis
496 692 568 753 lunee
581 694 679 753 stultus
692 702 815 753 mutatur
827 693 861 753 od
878 694 982 765 instnr3

385 771 465 833 Sicut
478 773 529 849 sol,
542 774 650 853 sapiens
665 781 806 855 permanet
819 773 877 855 ipse
889 772 953 832 sihi.

343 852 423 914 Nunc
434 853 500 928 huc,
516 874 590 913 nunc
602 853 678 923 illuc„
693 854 769 913 stulti
783 873 863 913 mens
878 871 948 913 coeca
959 861 1079 933 vagatur
1090 896 1116 928 ‚c

383 933 499 994 Provida
511 954 589 994 mens
605 931 730 993 stabilem
744 932 804 1013 tigit
816 931 918 1013 ubique
931 932 1051 1014 gradum
1065 957 1074 1008 ;

344 1013 472 1074 Providet
486 1022 549 1073 ante
564 1013 611 1072 diu
626 1014 698 1073 recte
712 1014 776 1093 quid
788 1013 878 1073 dicere
889 1012 989 1093 possit,

384 1093 425 1154 Ne
438 1094 542 1174 juder1
559 1093 606 1153 siut
619 1093 734 1174 turpiter
750 1095 809 1174 ipse
823 1096 876 1152 sui.

345 1278 431 1340 Filius
445 1286 486 1340 est
499 1279 609 1360 sapiens
623 1278 779 1339 benedictio
792 1277 880 1339 multa
891 1286 1053 1358 parentum,

385 1364 509 1441 Ipsorum
526 1359 626 1420 stultus
639 1358 756 1419 dedecus
770 1368 852 1434 etque
867 1358 956 1418 dolor.

345 1438 480 1520 Incipiens
494 1458 542 1499 rex
554 1448 596 1499 est
607 1439 699 1499 asinus
714 1438 868 1499 diademate
879 1438 998 1519 pollens,

385 1522 455 1579 Tum
467 1519 519 1579 sibi
531 1522 613 1601 qudm
625 1518 731 1579 cunctis
747 1518 918 1600 perniciosus
934 1516 980 1578 hie
996 1525 1048 1578 est.

346 1597 514 1678 Scripturm²
531 1600 643 1681 ignarus
658 1600 782 1680 princeps
798 1598 845 1678 qui
861 1596 979 1659 sustinet
996 1618 1071 1671 esse,

386 1677 498 1759 Cogitur
509 1698 639 1739 areanum
653 1678 773 1759 pendere
789 1697 861 1758 saepe
873 1697 968 1739 suum.

346 1755 480 1817 Oceasum
495 1759 615 1838 sopiens,
632 1759 732 1817 stultus
747 1758 903 1818 considerat
913 1768 1019 1832 ortum,

384 1835 461 1896 Finis
474 1841 484 1873 ³
499 1837 599 1917 quippe
611 1838 650 1896 rei
665 1838 768 1897 cantica
786 1837 873 1897 laudis
887 1836 981 1897 hebet.

345 1913 430 1975 Dictis
443 1915 599 1989 doctorum,
612 1916 689 1976 suetis
704 1918 815 1977 intende
826 1917 981 1989 bonorum;

384 1995 498 2056 Ferveet
512 1995 564 2056 hdo
578 2015 686 2076 semper
700 2004 795 2076 pectus
809 1996 930 2056 avaritid.

345 2075 452 2156 Ingenii
466 2077 576 2157 sapiens
590 2075 621 2135 fit
633 2077 725 2136 nullus
739 2077 867 2136 acumine
879 2076 985 2156 magni,

386 2155 465 2216 Hunc
480 2157 570 2237 potiris
583 2176 673 2216 mores
687 2166 714 2217 et
729 2156 801 2216 bone
813 2157 867 2216 vita
882 2169 987 2215 creent.

346 2235 445 2307 Factis,
462 2256 519 2297 non
536 2236 638 2308 verbis
656 2235 787 2316 sapientia
806 2256 835 2294 sc
849 2233 1013 2315 profitetur;

386 2316 457 2376 Solis
471 2336 598 2376 concessa
613 2325 656 2375 est
670 2315 754 2395 gratie
770 2323 843 2374 tenta
858 2314 948 2374 bonis.

351 2394 395 2453 Sit
410 2395 457 2455 tihi
473 2416 537 2455 eum
550 2395 624 2477 prior
637 2395 766 2465 deiciendi,
779 2394 879 2454 deinde
893 2395 1011 2456 docendi

386 2473 454 2545 Quae
465 2473 536 2535 hona
549 2484 625 2551 sunt,
638 2494 673 2535 ne
687 2475 725 2534 sis
740 2473 868 2534 dissonus
885 2474 944 2553 ipse
956 2474 1019 2536 tihi.

349 2661 392 2722 Sit
404 2661 465 2735 tihi,
479 2683 584 2743 quaeso,
601 2662 730 2741 frequens
743 2660 892 2741 Scripturae
906 2660 988 2721 lectio
1002 2680 1115 2740 sacrae;

389 2742 493 2802 Cetera
506 2743 528 2801 si
541 2760 592 2820 qun
605 2739 691 2819 leges,
706 2741 797 2800 omnia
812 2751 920 2820 propter
930 2754 1015 2802 eam

347 2819 396 2879 Est
409 2820 475 2898 justi
487 2820 628 2908 proprium
642 2819 719 2878 reddi
737 2841 786 2879 sua
803 2821 872 2879 velta
887 2819 1046 2903 quibusque
1059 2847 1067 2897 3

387 2897 407 2955 F
408 2897 474 2957 ortis
489 2918 516 2957 m
532 2899 651 2957 adversis
667 2919 722 2958 mm
738 2899 875 2980 trepidare
891 2900 958 2973 suis,

346 2975 459 3037 illicitos
470 2978 555 3037 enimi
571 2987 663 3038 motus
677 2979 783 3039 frenare
797 2979 925 3050 modesti,

389 3056 412 3116 T
414 3076 467 3118 uno
482 3077 567 3138 quum
584 3059 736 3120 succedunt
750 3079 877 3140 prospere
893 3058 1043 3140 praecipue.

286 3308 293 3338 ¹
315 3324 329 3354 n
344 3308 380 3356 Ne
396 3305 483 3368 judex,
500 3310 557 3367 etc„
569 3322 583 3352 u
597 3307 628 3355 dc
649 3321 712 3368 peur
740 3306 819 3355 dorice
831 3311 868 3355 est
883 3313 990 3355 sourent
1008 3308 1096 3373 obligd
1116 3312 1148 3362 de

254 3371 344 3433 qu'elle
357 3369 418 3419 u'ait
435 3370 460 3416 la
472 3368 549 3416 lronte
568 3369 598 3416 de
609 3368 713 3418 devenir
740 3369 841 3418 couvi-ir
853 3382 890 3417 ses
902 3375 1004 3417 secrets.

253 3445 297 3483 son
312 3445 401 3494 propre
413 3436 565 3479 accuseteur.
772 3433 783 3460 ³
802 3448 816 3477 «
838 3432 906 3479 Finis
927 3430 1023 3511 quippe
1044 3434 1094 3494 rei,
1113 3450 1157 3487 ca·

286 3494 297 3524 ²
316 3494 566 3556 «Scripturae,etc.,u
575 3505 610 3540 un
619 3492 656 3541 roi
668 3493 711 3554 qni
740 3491 821 3541 laudis
842 3493 926 3551 habet,
946 3508 959 3538 u
979 3502 1041 3544 cest
1057 3497 1083 3545 le
1106 3498 1146 3551 flu

254 3557 297 3624 n'e
309 3570 352 3621 pas
365 3556 390 3609 le
404 3567 510 3618 courege
521 3553 713 3619 d'apprendree
740 3555 830 3625 merite
841 3555 885 3604 des
896 3553 989 3617 elegos.
