2324 3960
433 175 555 228 smotuu
569 175 790 231 nuoutlnntun.

239 268 394 336 Arborem¹
407 276 478 339 eirea
488 279 604 342 volitent
613 280 733 343 sinistrae

319 353 407 417 sibila
421 356 535 441 linguae.

240 528 296 592 Nos
305 537 400 595 tamen
412 541 516 598 rectam
530 541 700 602 oomiteerte
709 559 830 623 proram,

240 609 285 670 Nil
299 616 486 678 tumescentes
495 617 575 680 veriti
586 620 729 701 pmoetles,

242 688 372 754 Sistimus
383 706 473 776 portu,
488 698 607 778 gemina)
620 699 699 782 potiti

321 771 430 838 Fronde
445 785 571 841 ooronae¹
589 803 597 840 ε

241 949 329 1019 Quam
343 949 411 1013 mihi
421 951 536 1017 indulsit
548 958 666 1040 populus
680 959 789 1032 Quirini
803 1010 811 1035 ,

241 1028 365 1092 Blattifer
377 1032 420 1094 vel
431 1053 515 1114 quum
530 1037 626 1099 tribuit
638 1049 762 1121 senatus,

241 1107 330 1180 Quam
342 1112 493 1191 peritorum
506 1115 584 1179 dedit
598 1117 666 1180 ordo
680 1140 793 1183 consors

323 1190 503 1258 tudioiorum.

242 1372 333 1442 Quum
348 1375 419 1437 meis
432 1377 498 1458 poni
509 1385 628 1441 statuam
663 1398 795 1443 erennem

242 1450 331 1515 Nerva
344 1454 495 1537 Trajanus³
508 1458 594 1521 titulis
607 1399 723 1535 viddret
755 1538 758 1543 Ι

242 1531 315 1595 tuter
328 1542 453 1598 auctores
465 1537 609 1622 utriusque
622 1539 707 1602 fixum
732 1604 735 1609 ,

320 1611 508 1679 Bibliothecae.

242 1793 388 1874 Quamque
401 1801 464 1875 post
478 1766 581 1872 visin,
595 1817 680 1881 prope
692 1808 755 1881 post
768 1800 881 1864 bilustre

242 1871 373 1955 Tempus,
390 1874 494 1957 aooepi,
506 1876 616 1967 capiens
627 1877 762 1940 honorem
787 1960 793 1972 ·

242 1950 295 2023 Qui
309 1955 564 2118 pffiffleffltm
578 1957 662 2020 simul
672 1978 745 2021 uuus
757 1960 824 2021 olrm

243 2215 346 2280 Praeter
357 2215 467 2293 heroos,
480 2217 541 2300 joon
554 2216 641 2282 multu
653 2218 748 2281 multis

242 2296 329 2359 Tenui
345 2298 444 2380 pennis
461 2321 467 2358 :
483 2298 577 2392 elegos
589 2298 748 2382 frequenter

243 2377 375 2440 Subditos
387 2377 461 2440 senis
492 2379 591 2442 edrbus
604 2379 689 2442 rotavi

322 2456 465 2520 Commate
473 2398 552 2519 iuro.

181 2709 188 2744 t
205 2709 358 2762 «Arborem,
373 2704 421 2753 »le
432 2703 496 2754 mat.
641 2701 735 2753 duismt
754 2716 802 2754 aux
822 2705 889 2755 doux
913 2696 1100 2762 bibliotheques

179 2769 346 2822 ²«Gemiuae
354 2777 462 2816 ooronae.
477 2765 548 2814 »Per
562 2777 603 2816 ees
641 2763 719 2814 latine
739 2772 765 2815 et
787 2780 895 2831 greeque
918 2771 943 2814 et
965 2768 1036 2811 entre
1060 2764 1099 2812 tes

148 2841 214 2884 moto
238 2834 262 2882 te
284 2832 357 2895 poete
377 2830 423 2880 seit
440 2827 561 2878 entendre
580 2827 604 2878 le
643 2832 737 2877 statues
759 2829 803 2878 des
832 2829 977 2880 tondeteurs
995 2823 1027 2873 de
1056 2837 1099 2875 ons

147 2895 240 2947 doubte
276 2895 394 2942 honneur
424 2889 485 2952 ou'il
519 2889 604 2941 obtint
642 2888 833 2953 bibliotheques.
1017 2947 1022 2958 ί

147 2959 247 3020 lorsque
257 2955 410 3018 l’empereur
421 2952 511 3004 Avitus
523 2952 559 3002 lui
572 2951 604 3002 fit
674 2952 686 2982 ⁴
699 2972 710 2996 u
725 2953 791 3014 Post,
802 2971 813 2997 o
825 2953 932 3026 ensuite.
944 2948 1068 3024 ¹—ottrsus
1081 2967 1098 3021 Ιι»

148 3020 184 3072 dri
204 3033 232 3070 er
255 3029 306 3066 une
325 3021 459 3076 statueret
478 3028 528 3078 que
547 3015 604 3078 ptus
643 3015 719 3085 vultt
734 3016 983 3091 Rome).-Srdorpe
1005 2985 1099 3074 Apodr-

147 3033 206 3134 tnrd
224 3077 375 3130 duthtmius
395 3079 419 3128 le
439 3080 469 3128 nt
488 3090 605 3128 nommer
625 3090 713 3127 -nerre
732 3082 801 3149 sumt
816 3089 878 3154 peeu
896 3077 926 3125 de
945 3075 1100 3134 lempereur

149 3145 232 3210 prefer
241 3143 271 3193 de
279 3142 367 3191 Rome.
377 3143 416 3190 Du
426 3147 490 3191 reste
500 3140 518 3188 n
527 3153 557 3189 eu
577 3141 605 3189 ti·
642 3139 795 3204 Anthemrus
806 3136 896 3186 tor-tre
904 3137 935 3185 de
943 3149 968 3183 se
979 3133 1072 3200 rendre
1086 3136 1102 3182 d

149 3221 198 3272 que
209 3204 342 3257 lui-meme
361 3201 424 3253 daus
440 3204 475 3253 les
490 3209 542 3253 stro
558 3153 605 3253 dies
643 3200 815 3261 Romenpres
823 3210 858 3246 uu
865 3199 949 3258 seJour
959 3195 990 3242 de
999 3193 1041 3240 drx
1052 3206 1099 3242 ens

149 3271 278 3320 suivantes
294 3267 318 3316 le
332 3278 389 3315 sens
401 3264 463 3328 qu’il
479 3215 605 3316 attonitos
644 3261 754 3335 ppndant
766 3258 875 3320 desquels
890 3261 997 3326 onput¹
1008 3255 1097 3321 appre-

112 3352 116 3359 ·
149 3339 214 3383 cette
224 3344 255 3382 ex
274 3327 377 3379 ression.
643 3337 695 3375 orer
703 3335 742 3372 ses
753 3319 861 3385 grandes
887 3311 1099 3375 ualnes,1loht1nt

182 3397 193 3426 ὃ
208 3345 317 3445 «Ndrva
331 3389 463 3452 Traianus,
480 3393 528 3439 eto.
541 3403 555 3434 o
570 3389 605 3439 La
643 3386 738 3437 leonar-
756 3382 813 3433 ede
824 3331 886 3431 ohed
900 3379 934 3428 du
946 3378 1017 3426 senat
1026 3380 1052 3422 et
1066 3375 1098 3426 de

149 3461 233 3507 statuo
250 3454 334 3519 trigte
353 3453 368 3501 t
387 3451 487 3503 Sidoine
508 3450 605 3514 Apolli·
643 3397 766 3561 prtsetde
778 3443 928 3555 laviltepar
944 3437 1100 3488 l’entremise

150 3518 223 3568 uaire
236 3519 275 3567 t'ut
287 3515 371 3580 plaute
383 3515 440 3578 pres
454 3512 485 3562 de
500 3511 563 3584 nette
574 3511 606 3562 de
659 3512 674 3562 'e
685 3508 801 3571 Basilius,
811 3505 862 3556 l'un
892 3517 919 3554 es
929 3511 1101 3571 personuages

152 3580 244 3645 Trajan
254 3593 311 3631 sous
321 3577 346 3630 le
357 3576 474 3644 ponique
487 3585 533 3639 qur
542 3586 605 3626 ooo-
643 3573 681 3624 tes
691 3573 747 3637 plus
757 3569 914 3622 rertueuxde
925 3562 1066 3629 son-srecle.
